,TF_ID,Family_ID,TSource_ID,Motif_ID,MSource_ID,DBID,TF_Name,TF_Species,TF_Status,Family_Name,DBDs,DBD_Count,Cutoff,DBID.1,Motif_Type,MSource_Identifier,MSource_Type,MSource_Author,MSource_Year,PMID,MSource_Version,SR_Model,SR_NoThreshold,TfSource_Name,TfSource_URL,TfSource_Year,TfSource_Month,TfSource_Day
0,T010820_2.00,F024_2.00,TS12_2.00,M02753_2.00,MS33_2.00,ENSG00000008196,TFAP2B,Homo_sapiens,D,AP-2,TF_AP-2,1,0.7,TFAP2B_1,SELEX,Jolma2013,SELEX,Jolma,2013,23332764,January 2013,SequenceIdentity,True,Ensembl,http://www.ensembl.org/,2018,Dec,8
1,T010820_2.00,F024_2.00,TS12_2.00,M02754_2.00,MS33_2.00,ENSG00000008196,TFAP2B,Homo_sapiens,D,AP-2,TF_AP-2,1,0.7,TFAP2B_2,SELEX,Jolma2013,SELEX,Jolma,2013,23332764,January 2013,SequenceIdentity,True,Ensembl,http://www.ensembl.org/,2018,Dec,8
2,T010820_2.00,F024_2.00,TS12_2.00,M02755_2.00,MS33_2.00,ENSG00000008196,TFAP2B,Homo_sapiens,D,AP-2,TF_AP-2,1,0.7,TFAP2B_3,SELEX,Jolma2013,SELEX,Jolma,2013,23332764,January 2013,SequenceIdentity,True,Ensembl,http://www.ensembl.org/,2018,Dec,8
3,T010820_2.00,F024_2.00,TS12_2.00,M04046_2.00,MS62_2.00,ENSG00000008196,TFAP2B,Homo_sapiens,D,AP-2,TF_AP-2,1,0.7,TFAP2B_eDBD_HT-SELEX,SELEX,Yin2017,SELEX,Yin,2017,28473536,April 2017,SequenceIdentity,True,Ensembl,http://www.ensembl.org/,2018,Dec,8
4,T010820_2.00,F024_2.00,TS12_2.00,M04047_2.00,MS62_2.00,ENSG00000008196,TFAP2B,Homo_sapiens,D,AP-2,TF_AP-2,1,0.7,TFAP2B_eDBD_Methyl-HT-SELEX,SELEX,Yin2017,SELEX,Yin,2017,28473536,April 2017,SequenceIdentity,True,Ensembl,http://www.ensembl.org/,2018,Dec,8
5,T010820_2.00,F024_2.00,TS12_2.00,M08701_2.00,MS27_2.00,ENSG00000008196,TFAP2B,Homo_sapiens,D,AP-2,TF_AP-2,1,0.7,AP2B_HUMAN.H11MO.0.B,Misc,HocoMoco,Misc,Kulakovskiy,2013,23175603,July 2014,SequenceIdentity,True,Ensembl,http://www.ensembl.org/,2018,Dec,8
6,T010820_2.00,F024_2.00,TS12_2.00,M09750_2.00,MS59_2.00,ENSG00000008196,TFAP2B,Homo_sapiens,D,AP-2,TF_AP-2,1,0.7,V$AP2BETA_Q3,Transfac,Transfac,Transfac,Matys,2006,16381825,7.0,SequenceIdentity,True,Ensembl,http://www.ensembl.org/,2018,Dec,8
7,T010821_2.00,F024_2.00,TS12_2.00,M00111_2.00,MS02_2.00,ENSG00000008197,TFAP2D,Homo_sapiens,I,AP-2,TF_AP-2,1,0.7,Tcfap2a_2337,PBM,Badis09,PBM,Badis,2009,19443739,,SequenceIdentity,True,Ensembl,http://www.ensembl.org/,2018,Dec,8
8,T010822_2.00,F024_2.00,TS12_2.00,M02756_2.00,MS33_2.00,ENSG00000087510,TFAP2C,Homo_sapiens,D,AP-2,TF_AP-2,1,0.7,TFAP2C_1,SELEX,Jolma2013,SELEX,Jolma,2013,23332764,January 2013,SequenceIdentity,True,Ensembl,http://www.ensembl.org/,2018,Dec,8
9,T010822_2.00,F024_2.00,TS12_2.00,M02757_2.00,MS33_2.00,ENSG00000087510,TFAP2C,Homo_sapiens,D,AP-2,TF_AP-2,1,0.7,TFAP2C_2,SELEX,Jolma2013,SELEX,Jolma,2013,23332764,January 2013,SequenceIdentity,True,Ensembl,http://www.ensembl.org/,2018,Dec,8
10,T010822_2.00,F024_2.00,TS12_2.00,M02758_2.00,MS33_2.00,ENSG00000087510,TFAP2C,Homo_sapiens,D,AP-2,TF_AP-2,1,0.7,TFAP2C_3,SELEX,Jolma2013,SELEX,Jolma,2013,23332764,January 2013,SequenceIdentity,True,Ensembl,http://www.ensembl.org/,2018,Dec,8
11,T010822_2.00,F024_2.00,TS12_2.00,M02759_2.00,MS33_2.00,ENSG00000087510,TFAP2C,Homo_sapiens,D,AP-2,TF_AP-2,1,0.7,TFAP2C_4,SELEX,Jolma2013,SELEX,Jolma,2013,23332764,January 2013,SequenceIdentity,True,Ensembl,http://www.ensembl.org/,2018,Dec,8
12,T010822_2.00,F024_2.00,TS12_2.00,M02760_2.00,MS33_2.00,ENSG00000087510,TFAP2C,Homo_sapiens,D,AP-2,TF_AP-2,1,0.7,TFAP2C_5,SELEX,Jolma2013,SELEX,Jolma,2013,23332764,January 2013,SequenceIdentity,True,Ensembl,http://www.ensembl.org/,2018,Dec,8
13,T010822_2.00,F024_2.00,TS12_2.00,M02761_2.00,MS33_2.00,ENSG00000087510,TFAP2C,Homo_sapiens,D,AP-2,TF_AP-2,1,0.7,TFAP2C_6,SELEX,Jolma2013,SELEX,Jolma,2013,23332764,January 2013,SequenceIdentity,True,Ensembl,http://www.ensembl.org/,2018,Dec,8
14,T010822_2.00,F024_2.00,TS12_2.00,M04048_2.00,MS62_2.00,ENSG00000087510,TFAP2C,Homo_sapiens,D,AP-2,TF_AP-2,1,0.7,TFAP2C_eDBD_HT-SELEX,SELEX,Yin2017,SELEX,Yin,2017,28473536,April 2017,SequenceIdentity,True,Ensembl,http://www.ensembl.org/,2018,Dec,8
15,T010822_2.00,F024_2.00,TS12_2.00,M04049_2.00,MS62_2.00,ENSG00000087510,TFAP2C,Homo_sapiens,D,AP-2,TF_AP-2,1,0.7,TFAP2C_eDBD_Methyl-HT-SELEX,SELEX,Yin2017,SELEX,Yin,2017,28473536,April 2017,SequenceIdentity,True,Ensembl,http://www.ensembl.org/,2018,Dec,8
16,T010822_2.00,F024_2.00,TS12_2.00,M07783_2.00,MS18_2.00,ENSG00000087510,TFAP2C,Homo_sapiens,D,AP-2,TF_AP-2,1,0.7,HeLa-S3_AP2GAMMA_UCD,ChIP-seq,ENCODE,ChIP-seq,Gerstein,2012,22955619,January 2011,SequenceIdentity,True,Ensembl,http://www.ensembl.org/,2018,Dec,8
17,T010822_2.00,F024_2.00,TS12_2.00,M08702_2.00,MS27_2.00,ENSG00000087510,TFAP2C,Homo_sapiens,D,AP-2,TF_AP-2,1,0.7,AP2C_HUMAN.H11MO.0.A,Misc,HocoMoco,Misc,Kulakovskiy,2013,23175603,July 2014,SequenceIdentity,True,Ensembl,http://www.ensembl.org/,2018,Dec,8
18,T010822_2.00,F024_2.00,TS12_2.00,M09451_2.00,MS28_2.00,ENSG00000087510,TFAP2C,Homo_sapiens,D,AP-2,TF_AP-2,1,0.7,MCF7-TFAP2C_GSE21234,Misc,HOMER,Misc,Heinz,2010,20513432,January 2016,SequenceIdentity,True,Ensembl,http://www.ensembl.org/,2018,Dec,8
19,T010822_2.00,F024_2.00,TS12_2.00,M09751_2.00,MS59_2.00,ENSG00000087510,TFAP2C,Homo_sapiens,D,AP-2,TF_AP-2,1,0.7,V$AP2GAMMA_01,Transfac,Transfac,Transfac,Matys,2006,16381825,7.0,SequenceIdentity,True,Ensembl,http://www.ensembl.org/,2018,Dec,8
20,T010822_2.00,F024_2.00,TS12_2.00,M09752_2.00,MS59_2.00,ENSG00000087510,TFAP2C,Homo_sapiens,D,AP-2,TF_AP-2,1,0.7,V$AP2GAMMA_Q4,Transfac,Transfac,Transfac,Matys,2006,16381825,7.0,SequenceIdentity,True,Ensembl,http://www.ensembl.org/,2018,Dec,8
21,T010822_2.00,F024_2.00,TS12_2.00,M09753_2.00,MS59_2.00,ENSG00000087510,TFAP2C,Homo_sapiens,D,AP-2,TF_AP-2,1,0.7,V$AP2GAMMA_Q5_01,Transfac,Transfac,Transfac,Matys,2006,16381825,7.0,SequenceIdentity,True,Ensembl,http://www.ensembl.org/,2018,Dec,8
22,T010822_2.00,F024_2.00,TS12_2.00,M09754_2.00,MS59_2.00,ENSG00000087510,TFAP2C,Homo_sapiens,D,AP-2,TF_AP-2,1,0.7,V$AP2GAMMA_Q5,Transfac,Transfac,Transfac,Matys,2006,16381825,7.0,SequenceIdentity,True,Ensembl,http://www.ensembl.org/,2018,Dec,8
23,T010823_2.00,F024_2.00,TS12_2.00,M04050_2.00,MS62_2.00,ENSG00000116819,TFAP2E,Homo_sapiens,D,AP-2,TF_AP-2,1,0.7,TFAP2E_FL_HT-SELEX_1,SELEX,Yin2017,SELEX,Yin,2017,28473536,April 2017,SequenceIdentity,True,Ensembl,http://www.ensembl.org/,2018,Dec,8
24,T010823_2.00,F024_2.00,TS12_2.00,M04051_2.00,MS62_2.00,ENSG00000116819,TFAP2E,Homo_sapiens,D,AP-2,TF_AP-2,1,0.7,TFAP2E_FL_HT-SELEX_2,SELEX,Yin2017,SELEX,Yin,2017,28473536,April 2017,SequenceIdentity,True,Ensembl,http://www.ensembl.org/,2018,Dec,8
25,T010823_2.00,F024_2.00,TS12_2.00,M04052_2.00,MS62_2.00,ENSG00000116819,TFAP2E,Homo_sapiens,D,AP-2,TF_AP-2,1,0.7,TFAP2E_FL_Methyl-HT-SELEX_1,SELEX,Yin2017,SELEX,Yin,2017,28473536,April 2017,SequenceIdentity,True,Ensembl,http://www.ensembl.org/,2018,Dec,8
26,T010823_2.00,F024_2.00,TS12_2.00,M04053_2.00,MS62_2.00,ENSG00000116819,TFAP2E,Homo_sapiens,D,AP-2,TF_AP-2,1,0.7,TFAP2E_FL_Methyl-HT-SELEX_2,SELEX,Yin2017,SELEX,Yin,2017,28473536,April 2017,SequenceIdentity,True,Ensembl,http://www.ensembl.org/,2018,Dec,8
27,T010824_2.00,F024_2.00,TS12_2.00,M02762_2.00,MS33_2.00,ENSG00000137203,TFAP2A,Homo_sapiens,D,AP-2,TF_AP-2,1,0.7,TFAP2A_1,SELEX,Jolma2013,SELEX,Jolma,2013,23332764,January 2013,SequenceIdentity,True,Ensembl,http://www.ensembl.org/,2018,Dec,8
28,T010824_2.00,F024_2.00,TS12_2.00,M02763_2.00,MS33_2.00,ENSG00000137203,TFAP2A,Homo_sapiens,D,AP-2,TF_AP-2,1,0.7,TFAP2A_2,SELEX,Jolma2013,SELEX,Jolma,2013,23332764,January 2013,SequenceIdentity,True,Ensembl,http://www.ensembl.org/,2018,Dec,8
29,T010824_2.00,F024_2.00,TS12_2.00,M02764_2.00,MS33_2.00,ENSG00000137203,TFAP2A,Homo_sapiens,D,AP-2,TF_AP-2,1,0.7,TFAP2A_3,SELEX,Jolma2013,SELEX,Jolma,2013,23332764,January 2013,SequenceIdentity,True,Ensembl,http://www.ensembl.org/,2018,Dec,8
30,T010824_2.00,F024_2.00,TS12_2.00,M02765_2.00,MS33_2.00,ENSG00000137203,TFAP2A,Homo_sapiens,D,AP-2,TF_AP-2,1,0.7,TFAP2A_4,SELEX,Jolma2013,SELEX,Jolma,2013,23332764,January 2013,SequenceIdentity,True,Ensembl,http://www.ensembl.org/,2018,Dec,8
31,T010824_2.00,F024_2.00,TS12_2.00,M02766_2.00,MS33_2.00,ENSG00000137203,TFAP2A,Homo_sapiens,D,AP-2,TF_AP-2,1,0.7,TFAP2A_5,SELEX,Jolma2013,SELEX,Jolma,2013,23332764,January 2013,SequenceIdentity,True,Ensembl,http://www.ensembl.org/,2018,Dec,8
32,T010824_2.00,F024_2.00,TS12_2.00,M02767_2.00,MS33_2.00,ENSG00000137203,TFAP2A,Homo_sapiens,D,AP-2,TF_AP-2,1,0.7,TFAP2A_6,SELEX,Jolma2013,SELEX,Jolma,2013,23332764,January 2013,SequenceIdentity,True,Ensembl,http://www.ensembl.org/,2018,Dec,8
33,T010824_2.00,F024_2.00,TS12_2.00,M04054_2.00,MS62_2.00,ENSG00000137203,TFAP2A,Homo_sapiens,D,AP-2,TF_AP-2,1,0.7,TFAP2A_FL_HT-SELEX,SELEX,Yin2017,SELEX,Yin,2017,28473536,April 2017,SequenceIdentity,True,Ensembl,http://www.ensembl.org/,2018,Dec,8
34,T010824_2.00,F024_2.00,TS12_2.00,M04055_2.00,MS62_2.00,ENSG00000137203,TFAP2A,Homo_sapiens,D,AP-2,TF_AP-2,1,0.7,TFAP2A_FL_Methyl-HT-SELEX,SELEX,Yin2017,SELEX,Yin,2017,28473536,April 2017,SequenceIdentity,True,Ensembl,http://www.ensembl.org/,2018,Dec,8
35,T010824_2.00,F024_2.00,TS12_2.00,M07784_2.00,MS18_2.00,ENSG00000137203,TFAP2A,Homo_sapiens,D,AP-2,TF_AP-2,1,0.7,HeLa-S3_AP2ALPHA_UCD,ChIP-seq,ENCODE,ChIP-seq,Gerstein,2012,22955619,January 2011,SequenceIdentity,True,Ensembl,http://www.ensembl.org/,2018,Dec,8
36,T010824_2.00,F024_2.00,TS12_2.00,M08703_2.00,MS27_2.00,ENSG00000137203,TFAP2A,Homo_sapiens,D,AP-2,TF_AP-2,1,0.7,AP2A_HUMAN.H11MO.0.A,Misc,HocoMoco,Misc,Kulakovskiy,2013,23175603,July 2014,SequenceIdentity,True,Ensembl,http://www.ensembl.org/,2018,Dec,8
37,T010824_2.00,F024_2.00,TS12_2.00,M09755_2.00,MS59_2.00,ENSG00000137203,TFAP2A,Homo_sapiens,D,AP-2,TF_AP-2,1,0.7,V$AP2ALPHA_01,Transfac,Transfac,Transfac,Matys,2006,16381825,7.0,SequenceIdentity,True,Ensembl,http://www.ensembl.org/,2018,Dec,8
38,T010824_2.00,F024_2.00,TS12_2.00,M09756_2.00,MS59_2.00,ENSG00000137203,TFAP2A,Homo_sapiens,D,AP-2,TF_AP-2,1,0.7,V$AP2ALPHA_02,Transfac,Transfac,Transfac,Matys,2006,16381825,7.0,SequenceIdentity,True,Ensembl,http://www.ensembl.org/,2018,Dec,8
39,T010824_2.00,F024_2.00,TS12_2.00,M09757_2.00,MS59_2.00,ENSG00000137203,TFAP2A,Homo_sapiens,D,AP-2,TF_AP-2,1,0.7,V$AP2ALPHA_03,Transfac,Transfac,Transfac,Matys,2006,16381825,7.0,SequenceIdentity,True,Ensembl,http://www.ensembl.org/,2018,Dec,8
40,T010824_2.00,F024_2.00,TS12_2.00,M09758_2.00,MS59_2.00,ENSG00000137203,TFAP2A,Homo_sapiens,D,AP-2,TF_AP-2,1,0.7,V$AP2ALPHA_Q4,Transfac,Transfac,Transfac,Matys,2006,16381825,7.0,SequenceIdentity,True,Ensembl,http://www.ensembl.org/,2018,Dec,8
41,T010824_2.00,F024_2.00,TS12_2.00,M09759_2.00,MS59_2.00,ENSG00000137203,TFAP2A,Homo_sapiens,D,AP-2,TF_AP-2,1,0.7,V$AP2ALPHA_Q6,Transfac,Transfac,Transfac,Matys,2006,16381825,7.0,SequenceIdentity,True,Ensembl,http://www.ensembl.org/,2018,Dec,8
42,T010824_2.00,F024_2.00,TS12_2.00,M09760_2.00,MS59_2.00,ENSG00000137203,TFAP2A,Homo_sapiens,D,AP-2,TF_AP-2,1,0.7,V$TFAP2A_09,Transfac,Transfac,Transfac,Matys,2006,16381825,7.0,SequenceIdentity,True,Ensembl,http://www.ensembl.org/,2018,Dec,8
43,T014542_2.00,F028_2.00,TS12_2.00,M09766_2.00,MS59_2.00,ENSG00000116017,ARID3A,Homo_sapiens,D,ARID/BRIGHT,ARID,1,0.422230966271411,V$DRI1_01,Transfac,Transfac,Transfac,Matys,2006,16381825,7.0,SimilarityRegression,False,Ensembl,http://www.ensembl.org/,2018,Dec,8
44,T014543_2.00,F028_2.00,TS12_2.00,.,.,ENSG00000117139,KDM5B,Homo_sapiens,N,ARID/BRIGHT,ARID,1,0.422230966271411,.,.,.,.,.,.,.,.,SimilarityRegression,False,Ensembl,http://www.ensembl.org/,2018,Dec,8
45,T014544_2.00,F028_2.00,TS12_2.00,M08707_2.00,MS27_2.00,ENSG00000150347,ARID5B,Homo_sapiens,D,ARID/BRIGHT,ARID,1,0.422230966271411,ARI5B_HUMAN.H11MO.0.C,Misc,HocoMoco,Misc,Kulakovskiy,2013,23175603,July 2014,SimilarityRegression,False,Ensembl,http://www.ensembl.org/,2018,Dec,8
46,T014544_2.00,F028_2.00,TS12_2.00,M09767_2.00,MS59_2.00,ENSG00000150347,ARID5B,Homo_sapiens,D,ARID/BRIGHT,ARID,1,0.422230966271411,V$MRF2_01,Transfac,Transfac,Transfac,Matys,2006,16381825,7.0,SimilarityRegression,False,Ensembl,http://www.ensembl.org/,2018,Dec,8
47,T014545_2.00,F028_2.00,TS12_2.00,M01659_2.00,MS64_2.00,ENSG00000179361,ARID3B,Homo_sapiens,I,ARID/BRIGHT,ARID,1,0.422230966271411,pTH4425,PBM,Zoo_01,PBM,Weirauch,2014,25215497,,SimilarityRegression,False,Ensembl,http://www.ensembl.org/,2018,Dec,8
48,T014546_2.00,F028_2.00,TS12_2.00,M00116_2.00,MS02_2.00,ENSG00000196843,ARID5A,Homo_sapiens,I,ARID/BRIGHT,ARID,1,0.422230966271411,Arid5a_3770,PBM,Badis09,PBM,Badis,2009,19443739,,SimilarityRegression,False,Ensembl,http://www.ensembl.org/,2018,Dec,8
49,T014547_2.00,F028_2.00,TS12_2.00,M00115_2.00,MS02_2.00,ENSG00000205143,ARID3C,Homo_sapiens,I,ARID/BRIGHT,ARID,1,0.422230966271411,Arid3a_3875,PBM,Badis09,PBM,Badis,2009,19443739,,SimilarityRegression,False,Ensembl,http://www.ensembl.org/,2018,Dec,8
50,T016871_2.00,F036_2.00,TS12_2.00,.,.,ENSG00000189079,ARID2,Homo_sapiens,N,"ARID/BRIGHT,RFX","ARID,RFX_DNA_binding",2,0.7,.,.,.,.,.,.,.,.,SequenceIdentity,True,Ensembl,http://www.ensembl.org/,2018,Dec,8
51,T017387_2.00,F039_2.00,TS12_2.00,.,.,ENSG00000080603,SRCAP,Homo_sapiens,N,AT hook,AT_hook,1,0.989594959467439,.,.,.,.,.,.,.,.,SimilarityRegression,False,Ensembl,http://www.ensembl.org/,2018,Dec,8
52,T017388_2.00,F039_2.00,TS12_2.00,.,.,ENSG00000116539,ASH1L,Homo_sapiens,N,AT hook,AT_hook,1,0.989594959467439,.,.,.,.,.,.,.,.,SimilarityRegression,False,Ensembl,http://www.ensembl.org/,2018,Dec,8
53,T017389_2.00,F039_2.00,TS12_2.00,M09769_2.00,MS59_2.00,ENSG00000137309,HMGA1,Homo_sapiens,D,AT hook,AT_hook,1,0.989594959467439,V$HMGIY_01,Transfac,Transfac,Transfac,Matys,2006,16381825,7.0,SimilarityRegression,False,Ensembl,http://www.ensembl.org/,2018,Dec,8
54,T017389_2.00,F039_2.00,TS12_2.00,M09770_2.00,MS59_2.00,ENSG00000137309,HMGA1,Homo_sapiens,D,AT hook,AT_hook,1,0.989594959467439,V$HMGIY_Q4,Transfac,Transfac,Transfac,Matys,2006,16381825,7.0,SimilarityRegression,False,Ensembl,http://www.ensembl.org/,2018,Dec,8
55,T017390_2.00,F039_2.00,TS12_2.00,M09771_2.00,MS59_2.00,ENSG00000149948,HMGA2,Homo_sapiens,D,AT hook,AT_hook,1,0.989594959467439,V$HMGA2_01,Transfac,Transfac,Transfac,Matys,2006,16381825,7.0,SimilarityRegression,False,Ensembl,http://www.ensembl.org/,2018,Dec,8
56,T017391_2.00,F039_2.00,TS12_2.00,.,.,ENSG00000152217,SETBP1,Homo_sapiens,N,AT hook,AT_hook,1,0.989594959467439,.,.,.,.,.,.,.,.,SimilarityRegression,False,Ensembl,http://www.ensembl.org/,2018,Dec,8
57,T024996_2.00,F062_2.00,TS12_2.00,.,.,ENSG00000198839,ZNF277,Homo_sapiens,N,"BED ZF,C2H2 ZF","zf-BED,zf-C2H2",2,0.7,.,.,.,.,.,.,.,.,SequenceIdentity,True,Ensembl,http://www.ensembl.org/,2018,Dec,8
58,T024997_2.00,F062_2.00,TS12_2.00,.,.,ENSG00000243943,ZNF512,Homo_sapiens,N,"BED ZF,C2H2 ZF","zf-BED,zf-C2H2",2,0.7,.,.,.,.,.,.,.,.,SequenceIdentity,True,Ensembl,http://www.ensembl.org/,2018,Dec,8
59,T025989_2.00,F077_2.00,TS12_2.00,.,.,ENSG00000100426,ZBED4,Homo_sapiens,N,BED ZF,zf-BED,1,0.7,.,.,.,.,.,.,.,.,SequenceIdentity,True,Ensembl,http://www.ensembl.org/,2018,Dec,8
60,T025990_2.00,F077_2.00,TS12_2.00,.,.,ENSG00000132846,ZBED3,Homo_sapiens,N,BED ZF,zf-BED,1,0.7,.,.,.,.,.,.,.,.,SequenceIdentity,True,Ensembl,http://www.ensembl.org/,2018,Dec,8
61,T025991_2.00,F077_2.00,TS12_2.00,.,.,ENSG00000141258,SGSM2,Homo_sapiens,N,BED ZF,zf-BED,1,0.7,.,.,.,.,.,.,.,.,SequenceIdentity,True,Ensembl,http://www.ensembl.org/,2018,Dec,8
62,T025992_2.00,F077_2.00,TS12_2.00,.,.,ENSG00000177494,ZBED2,Homo_sapiens,N,BED ZF,zf-BED,1,0.7,.,.,.,.,.,.,.,.,SequenceIdentity,True,Ensembl,http://www.ensembl.org/,2018,Dec,8
63,T025993_2.00,F077_2.00,TS12_2.00,.,.,ENSG00000188070,C11orf95,Homo_sapiens,N,BED ZF,zf-BED,1,0.7,.,.,.,.,.,.,.,.,SequenceIdentity,True,Ensembl,http://www.ensembl.org/,2018,Dec,8
64,T025994_2.00,F077_2.00,TS12_2.00,M02771_2.00,MS33_2.00,ENSG00000214717,ZBED1,Homo_sapiens,D,BED ZF,zf-BED,1,0.7,ZBED1_1,SELEX,Jolma2013,SELEX,Jolma,2013,23332764,January 2013,SequenceIdentity,True,Ensembl,http://www.ensembl.org/,2018,Dec,8
65,T025994_2.00,F077_2.00,TS12_2.00,M04056_2.00,MS62_2.00,ENSG00000214717,ZBED1,Homo_sapiens,D,BED ZF,zf-BED,1,0.7,ZBED1_eDBD_HT-SELEX,SELEX,Yin2017,SELEX,Yin,2017,28473536,April 2017,SequenceIdentity,True,Ensembl,http://www.ensembl.org/,2018,Dec,8
66,T025994_2.00,F077_2.00,TS12_2.00,M04057_2.00,MS62_2.00,ENSG00000214717,ZBED1,Homo_sapiens,D,BED ZF,zf-BED,1,0.7,ZBED1_eDBD_Methyl-HT-SELEX,SELEX,Yin2017,SELEX,Yin,2017,28473536,April 2017,SequenceIdentity,True,Ensembl,http://www.ensembl.org/,2018,Dec,8
67,T025994_2.00,F077_2.00,TS12_2.00,M09776_2.00,MS59_2.00,ENSG00000214717,ZBED1,Homo_sapiens,D,BED ZF,zf-BED,1,0.7,V$DREF_01,Transfac,Transfac,Transfac,Matys,2006,16381825,7.0,SequenceIdentity,True,Ensembl,http://www.ensembl.org/,2018,Dec,8
68,T025995_2.00,F077_2.00,TS12_2.00,.,.,ENSG00000232040,ZBED9,Homo_sapiens,N,BED ZF,zf-BED,1,0.7,.,.,.,.,.,.,.,.,SequenceIdentity,True,Ensembl,http://www.ensembl.org/,2018,Dec,8
69,T025996_2.00,F077_2.00,TS12_2.00,.,.,ENSG00000236287,ZBED5,Homo_sapiens,N,BED ZF,zf-BED,1,0.7,.,.,.,.,.,.,.,.,SequenceIdentity,True,Ensembl,http://www.ensembl.org/,2018,Dec,8
70,T025997_2.00,F077_2.00,TS12_2.00,.,.,ENSG00000237765,FAM200B,Homo_sapiens,N,BED ZF,zf-BED,1,0.7,.,.,.,.,.,.,.,.,SequenceIdentity,True,Ensembl,http://www.ensembl.org/,2018,Dec,8
71,T025998_2.00,F077_2.00,TS12_2.00,M09777_2.00,MS59_2.00,ENSG00000257315,ZBED6,Homo_sapiens,I,BED ZF,zf-BED,1,0.7,V$ZBED6_01,Transfac,Transfac,Transfac,Matys,2006,16381825,7.0,SequenceIdentity,True,Ensembl,http://www.ensembl.org/,2018,Dec,8
72,T034243_2.00,F082_2.00,TS12_2.00,M02772_2.00,MS33_2.00,ENSG00000009950,MLXIPL,Homo_sapiens,D,bHLH,HLH,1,0.837833807768996,MLXIPL_1,SELEX,Jolma2013,SELEX,Jolma,2013,23332764,January 2013,SimilarityRegression,False,Ensembl,http://www.ensembl.org/,2018,Dec,8
73,T034243_2.00,F082_2.00,TS12_2.00,M09788_2.00,MS59_2.00,ENSG00000009950,MLXIPL,Homo_sapiens,D,bHLH,HLH,1,0.837833807768996,V$CHREBP_Q6,Transfac,Transfac,Transfac,Matys,2006,16381825,7.0,SimilarityRegression,False,Ensembl,http://www.ensembl.org/,2018,Dec,8
74,T034243_2.00,F082_2.00,TS12_2.00,M09789_2.00,MS59_2.00,ENSG00000009950,MLXIPL,Homo_sapiens,D,bHLH,HLH,1,0.837833807768996,V$CHREB_Q6_01,Transfac,Transfac,Transfac,Matys,2006,16381825,7.0,SimilarityRegression,False,Ensembl,http://www.ensembl.org/,2018,Dec,8
75,T034244_2.00,F082_2.00,TS12_2.00,.,.,ENSG00000029153,ARNTL2,Homo_sapiens,N,bHLH,HLH,1,0.837833807768996,.,.,.,.,.,.,.,.,SimilarityRegression,False,Ensembl,http://www.ensembl.org/,2018,Dec,8
76,T034245_2.00,F082_2.00,TS12_2.00,M08754_2.00,MS27_2.00,ENSG00000059728,MXD1,Homo_sapiens,I,bHLH,HLH,1,0.837833807768996,MXI1_MOUSE.H11MO.0.A,Misc,HocoMoco,Misc,Kulakovskiy,2013,23175603,July 2014,SimilarityRegression,False,Ensembl,http://www.ensembl.org/,2018,Dec,8
77,T034246_2.00,F082_2.00,TS12_2.00,.,.,ENSG00000063438,AHRR,Homo_sapiens,N,bHLH,HLH,1,0.837833807768996,.,.,.,.,.,.,.,.,SimilarityRegression,False,Ensembl,http://www.ensembl.org/,2018,Dec,8
78,T034247_2.00,F082_2.00,TS12_2.00,M02773_2.00,MS33_2.00,ENSG00000068323,TFE3,Homo_sapiens,D,bHLH,HLH,1,0.837833807768996,TFE3_1,SELEX,Jolma2013,SELEX,Jolma,2013,23332764,January 2013,SimilarityRegression,False,Ensembl,http://www.ensembl.org/,2018,Dec,8
79,T034247_2.00,F082_2.00,TS12_2.00,M04058_2.00,MS62_2.00,ENSG00000068323,TFE3,Homo_sapiens,D,bHLH,HLH,1,0.837833807768996,TFE3_eDBD_HT-SELEX,SELEX,Yin2017,SELEX,Yin,2017,28473536,April 2017,SimilarityRegression,False,Ensembl,http://www.ensembl.org/,2018,Dec,8
80,T034247_2.00,F082_2.00,TS12_2.00,M04059_2.00,MS62_2.00,ENSG00000068323,TFE3,Homo_sapiens,D,bHLH,HLH,1,0.837833807768996,TFE3_eDBD_Methyl-HT-SELEX,SELEX,Yin2017,SELEX,Yin,2017,28473536,April 2017,SimilarityRegression,False,Ensembl,http://www.ensembl.org/,2018,Dec,8
81,T034247_2.00,F082_2.00,TS12_2.00,M08709_2.00,MS27_2.00,ENSG00000068323,TFE3,Homo_sapiens,D,bHLH,HLH,1,0.837833807768996,TFE3_HUMAN.H11MO.0.B,Misc,HocoMoco,Misc,Kulakovskiy,2013,23175603,July 2014,SimilarityRegression,False,Ensembl,http://www.ensembl.org/,2018,Dec,8
82,T034247_2.00,F082_2.00,TS12_2.00,M09790_2.00,MS59_2.00,ENSG00000068323,TFE3,Homo_sapiens,D,bHLH,HLH,1,0.837833807768996,V$TFEA_Q6,Transfac,Transfac,Transfac,Matys,2006,16381825,7.0,SimilarityRegression,False,Ensembl,http://www.ensembl.org/,2018,Dec,8
83,T034248_2.00,F082_2.00,TS12_2.00,M04060_2.00,MS62_2.00,ENSG00000069812,HES2,Homo_sapiens,D,bHLH,HLH,1,0.837833807768996,HES2_eDBD_HT-SELEX,SELEX,Yin2017,SELEX,Yin,2017,28473536,April 2017,SimilarityRegression,False,Ensembl,http://www.ensembl.org/,2018,Dec,8
84,T034248_2.00,F082_2.00,TS12_2.00,M04061_2.00,MS62_2.00,ENSG00000069812,HES2,Homo_sapiens,D,bHLH,HLH,1,0.837833807768996,HES2_eDBD_Methyl-HT-SELEX,SELEX,Yin2017,SELEX,Yin,2017,28473536,April 2017,SimilarityRegression,False,Ensembl,http://www.ensembl.org/,2018,Dec,8
85,T034249_2.00,F082_2.00,TS12_2.00,M02774_2.00,MS33_2.00,ENSG00000070444,MNT,Homo_sapiens,D,bHLH,HLH,1,0.837833807768996,MNT_1,SELEX,Jolma2013,SELEX,Jolma,2013,23332764,January 2013,SimilarityRegression,False,Ensembl,http://www.ensembl.org/,2018,Dec,8
86,T034250_2.00,F082_2.00,TS12_2.00,M02775_2.00,MS33_2.00,ENSG00000071564,TCF3,Homo_sapiens,D,bHLH,HLH,1,0.837833807768996,TCF3_1,SELEX,Jolma2013,SELEX,Jolma,2013,23332764,January 2013,SimilarityRegression,False,Ensembl,http://www.ensembl.org/,2018,Dec,8
87,T034250_2.00,F082_2.00,TS12_2.00,M08710_2.00,MS27_2.00,ENSG00000071564,TCF3,Homo_sapiens,D,bHLH,HLH,1,0.837833807768996,TFE2_HUMAN.H11MO.0.A,Misc,HocoMoco,Misc,Kulakovskiy,2013,23175603,July 2014,SimilarityRegression,False,Ensembl,http://www.ensembl.org/,2018,Dec,8
88,T034250_2.00,F082_2.00,TS12_2.00,M09791_2.00,MS59_2.00,ENSG00000071564,TCF3,Homo_sapiens,D,bHLH,HLH,1,0.837833807768996,V$E12_Q6,Transfac,Transfac,Transfac,Matys,2006,16381825,7.0,SimilarityRegression,False,Ensembl,http://www.ensembl.org/,2018,Dec,8
89,T034250_2.00,F082_2.00,TS12_2.00,M09792_2.00,MS59_2.00,ENSG00000071564,TCF3,Homo_sapiens,D,bHLH,HLH,1,0.837833807768996,V$E2A_Q6_01,Transfac,Transfac,Transfac,Matys,2006,16381825,7.0,SimilarityRegression,False,Ensembl,http://www.ensembl.org/,2018,Dec,8
90,T034250_2.00,F082_2.00,TS12_2.00,M09793_2.00,MS59_2.00,ENSG00000071564,TCF3,Homo_sapiens,D,bHLH,HLH,1,0.837833807768996,V$E2A_Q6_02,Transfac,Transfac,Transfac,Matys,2006,16381825,7.0,SimilarityRegression,False,Ensembl,http://www.ensembl.org/,2018,Dec,8
91,T034250_2.00,F082_2.00,TS12_2.00,M09794_2.00,MS59_2.00,ENSG00000071564,TCF3,Homo_sapiens,D,bHLH,HLH,1,0.837833807768996,V$E47_01,Transfac,Transfac,Transfac,Matys,2006,16381825,7.0,SimilarityRegression,False,Ensembl,http://www.ensembl.org/,2018,Dec,8
92,T034250_2.00,F082_2.00,TS12_2.00,M09795_2.00,MS59_2.00,ENSG00000071564,TCF3,Homo_sapiens,D,bHLH,HLH,1,0.837833807768996,V$E47_02,Transfac,Transfac,Transfac,Matys,2006,16381825,7.0,SimilarityRegression,False,Ensembl,http://www.ensembl.org/,2018,Dec,8
93,T034251_2.00,F082_2.00,TS12_2.00,M04062_2.00,MS62_2.00,ENSG00000072310,SREBF1,Homo_sapiens,D,bHLH,HLH,1,0.837833807768996,SREBF1_eDBD_HT-SELEX_1,SELEX,Yin2017,SELEX,Yin,2017,28473536,April 2017,SimilarityRegression,False,Ensembl,http://www.ensembl.org/,2018,Dec,8
94,T034251_2.00,F082_2.00,TS12_2.00,M04063_2.00,MS62_2.00,ENSG00000072310,SREBF1,Homo_sapiens,D,bHLH,HLH,1,0.837833807768996,SREBF1_eDBD_HT-SELEX_2,SELEX,Yin2017,SELEX,Yin,2017,28473536,April 2017,SimilarityRegression,False,Ensembl,http://www.ensembl.org/,2018,Dec,8
95,T034251_2.00,F082_2.00,TS12_2.00,M04064_2.00,MS62_2.00,ENSG00000072310,SREBF1,Homo_sapiens,D,bHLH,HLH,1,0.837833807768996,SREBF1_eDBD_Methyl-HT-SELEX_1,SELEX,Yin2017,SELEX,Yin,2017,28473536,April 2017,SimilarityRegression,False,Ensembl,http://www.ensembl.org/,2018,Dec,8
96,T034251_2.00,F082_2.00,TS12_2.00,M04065_2.00,MS62_2.00,ENSG00000072310,SREBF1,Homo_sapiens,D,bHLH,HLH,1,0.837833807768996,SREBF1_eDBD_Methyl-HT-SELEX_2,SELEX,Yin2017,SELEX,Yin,2017,28473536,April 2017,SimilarityRegression,False,Ensembl,http://www.ensembl.org/,2018,Dec,8
97,T034251_2.00,F082_2.00,TS12_2.00,M08048_2.00,MS31_2.00,ENSG00000072310,SREBF1,Homo_sapiens,D,bHLH,HLH,1,0.837833807768996,MA0595.1,ChIP-seq,JASPAR,JASPAR,Mathelier,2014,24194598,August 2014,SimilarityRegression,False,Ensembl,http://www.ensembl.org/,2018,Dec,8
98,T034251_2.00,F082_2.00,TS12_2.00,M08711_2.00,MS27_2.00,ENSG00000072310,SREBF1,Homo_sapiens,D,bHLH,HLH,1,0.837833807768996,SRBP1_HUMAN.H11MO.0.A,Misc,HocoMoco,Misc,Kulakovskiy,2013,23175603,July 2014,SimilarityRegression,False,Ensembl,http://www.ensembl.org/,2018,Dec,8
99,T034251_2.00,F082_2.00,TS12_2.00,M09796_2.00,MS59_2.00,ENSG00000072310,SREBF1,Homo_sapiens,D,bHLH,HLH,1,0.837833807768996,V$SREBF1_02,Transfac,Transfac,Transfac,Matys,2006,16381825,7.0,SimilarityRegression,False,Ensembl,http://www.ensembl.org/,2018,Dec,8
100,T034251_2.00,F082_2.00,TS12_2.00,M09797_2.00,MS59_2.00,ENSG00000072310,SREBF1,Homo_sapiens,D,bHLH,HLH,1,0.837833807768996,V$SREBP1_01,Transfac,Transfac,Transfac,Matys,2006,16381825,7.0,SimilarityRegression,False,Ensembl,http://www.ensembl.org/,2018,Dec,8
101,T034251_2.00,F082_2.00,TS12_2.00,M09798_2.00,MS59_2.00,ENSG00000072310,SREBF1,Homo_sapiens,D,bHLH,HLH,1,0.837833807768996,V$SREBP1_02,Transfac,Transfac,Transfac,Matys,2006,16381825,7.0,SimilarityRegression,False,Ensembl,http://www.ensembl.org/,2018,Dec,8
102,T034251_2.00,F082_2.00,TS12_2.00,M09799_2.00,MS59_2.00,ENSG00000072310,SREBF1,Homo_sapiens,D,bHLH,HLH,1,0.837833807768996,V$SREBP1_Q5,Transfac,Transfac,Transfac,Matys,2006,16381825,7.0,SimilarityRegression,False,Ensembl,http://www.ensembl.org/,2018,Dec,8
103,T034251_2.00,F082_2.00,TS12_2.00,M09800_2.00,MS59_2.00,ENSG00000072310,SREBF1,Homo_sapiens,D,bHLH,HLH,1,0.837833807768996,V$SREBP1_Q6_01,Transfac,Transfac,Transfac,Matys,2006,16381825,7.0,SimilarityRegression,False,Ensembl,http://www.ensembl.org/,2018,Dec,8
104,T034251_2.00,F082_2.00,TS12_2.00,M09801_2.00,MS59_2.00,ENSG00000072310,SREBF1,Homo_sapiens,D,bHLH,HLH,1,0.837833807768996,V$SREBP1_Q6,Transfac,Transfac,Transfac,Matys,2006,16381825,7.0,SimilarityRegression,False,Ensembl,http://www.ensembl.org/,2018,Dec,8
105,T034252_2.00,F082_2.00,TS12_2.00,.,.,ENSG00000084676,NCOA1,Homo_sapiens,N,bHLH,HLH,1,0.837833807768996,.,.,.,.,.,.,.,.,SimilarityRegression,False,Ensembl,http://www.ensembl.org/,2018,Dec,8
106,T034253_2.00,F082_2.00,TS12_2.00,M02776_2.00,MS33_2.00,ENSG00000090447,TFAP4,Homo_sapiens,D,bHLH,HLH,1,0.837833807768996,TFAP4_1,SELEX,Jolma2013,SELEX,Jolma,2013,23332764,January 2013,SimilarityRegression,False,Ensembl,http://www.ensembl.org/,2018,Dec,8
107,T034253_2.00,F082_2.00,TS12_2.00,M02777_2.00,MS33_2.00,ENSG00000090447,TFAP4,Homo_sapiens,D,bHLH,HLH,1,0.837833807768996,TFAP4_2,SELEX,Jolma2013,SELEX,Jolma,2013,23332764,January 2013,SimilarityRegression,False,Ensembl,http://www.ensembl.org/,2018,Dec,8
108,T034253_2.00,F082_2.00,TS12_2.00,M04066_2.00,MS62_2.00,ENSG00000090447,TFAP4,Homo_sapiens,D,bHLH,HLH,1,0.837833807768996,TFAP4_eDBD_HT-SELEX_1,SELEX,Yin2017,SELEX,Yin,2017,28473536,April 2017,SimilarityRegression,False,Ensembl,http://www.ensembl.org/,2018,Dec,8
109,T034253_2.00,F082_2.00,TS12_2.00,M04067_2.00,MS62_2.00,ENSG00000090447,TFAP4,Homo_sapiens,D,bHLH,HLH,1,0.837833807768996,TFAP4_eDBD_HT-SELEX_2,SELEX,Yin2017,SELEX,Yin,2017,28473536,April 2017,SimilarityRegression,False,Ensembl,http://www.ensembl.org/,2018,Dec,8
110,T034253_2.00,F082_2.00,TS12_2.00,M04068_2.00,MS62_2.00,ENSG00000090447,TFAP4,Homo_sapiens,D,bHLH,HLH,1,0.837833807768996,TFAP4_eDBD_Methyl-HT-SELEX_1,SELEX,Yin2017,SELEX,Yin,2017,28473536,April 2017,SimilarityRegression,False,Ensembl,http://www.ensembl.org/,2018,Dec,8
111,T034253_2.00,F082_2.00,TS12_2.00,M04069_2.00,MS62_2.00,ENSG00000090447,TFAP4,Homo_sapiens,D,bHLH,HLH,1,0.837833807768996,TFAP4_eDBD_Methyl-HT-SELEX_2,SELEX,Yin2017,SELEX,Yin,2017,28473536,April 2017,SimilarityRegression,False,Ensembl,http://www.ensembl.org/,2018,Dec,8
112,T034253_2.00,F082_2.00,TS12_2.00,M04070_2.00,MS62_2.00,ENSG00000090447,TFAP4,Homo_sapiens,D,bHLH,HLH,1,0.837833807768996,TFAP4_FL_HT-SELEX_1,SELEX,Yin2017,SELEX,Yin,2017,28473536,April 2017,SimilarityRegression,False,Ensembl,http://www.ensembl.org/,2018,Dec,8
113,T034253_2.00,F082_2.00,TS12_2.00,M04071_2.00,MS62_2.00,ENSG00000090447,TFAP4,Homo_sapiens,D,bHLH,HLH,1,0.837833807768996,TFAP4_FL_HT-SELEX_2,SELEX,Yin2017,SELEX,Yin,2017,28473536,April 2017,SimilarityRegression,False,Ensembl,http://www.ensembl.org/,2018,Dec,8
114,T034253_2.00,F082_2.00,TS12_2.00,M04072_2.00,MS62_2.00,ENSG00000090447,TFAP4,Homo_sapiens,D,bHLH,HLH,1,0.837833807768996,TFAP4_FL_Methyl-HT-SELEX_1,SELEX,Yin2017,SELEX,Yin,2017,28473536,April 2017,SimilarityRegression,False,Ensembl,http://www.ensembl.org/,2018,Dec,8
115,T034253_2.00,F082_2.00,TS12_2.00,M04073_2.00,MS62_2.00,ENSG00000090447,TFAP4,Homo_sapiens,D,bHLH,HLH,1,0.837833807768996,TFAP4_FL_Methyl-HT-SELEX_2,SELEX,Yin2017,SELEX,Yin,2017,28473536,April 2017,SimilarityRegression,False,Ensembl,http://www.ensembl.org/,2018,Dec,8
116,T034253_2.00,F082_2.00,TS12_2.00,M08712_2.00,MS27_2.00,ENSG00000090447,TFAP4,Homo_sapiens,D,bHLH,HLH,1,0.837833807768996,TFAP4_HUMAN.H11MO.0.A,Misc,HocoMoco,Misc,Kulakovskiy,2013,23175603,July 2014,SimilarityRegression,False,Ensembl,http://www.ensembl.org/,2018,Dec,8
117,T034253_2.00,F082_2.00,TS12_2.00,M09453_2.00,MS28_2.00,ENSG00000090447,TFAP4,Homo_sapiens,D,bHLH,HLH,1,0.837833807768996,AML-Tfap4_GSE45738,Misc,HOMER,Misc,Heinz,2010,20513432,January 2016,SimilarityRegression,False,Ensembl,http://www.ensembl.org/,2018,Dec,8
118,T034253_2.00,F082_2.00,TS12_2.00,M09802_2.00,MS59_2.00,ENSG00000090447,TFAP4,Homo_sapiens,D,bHLH,HLH,1,0.837833807768996,V$AP4_01,Transfac,Transfac,Transfac,Matys,2006,16381825,7.0,SimilarityRegression,False,Ensembl,http://www.ensembl.org/,2018,Dec,8
119,T034253_2.00,F082_2.00,TS12_2.00,M09803_2.00,MS59_2.00,ENSG00000090447,TFAP4,Homo_sapiens,D,bHLH,HLH,1,0.837833807768996,V$AP4_Q5,Transfac,Transfac,Transfac,Matys,2006,16381825,7.0,SimilarityRegression,False,Ensembl,http://www.ensembl.org/,2018,Dec,8
120,T034253_2.00,F082_2.00,TS12_2.00,M09804_2.00,MS59_2.00,ENSG00000090447,TFAP4,Homo_sapiens,D,bHLH,HLH,1,0.837833807768996,V$AP4_Q6_01,Transfac,Transfac,Transfac,Matys,2006,16381825,7.0,SimilarityRegression,False,Ensembl,http://www.ensembl.org/,2018,Dec,8
121,T034253_2.00,F082_2.00,TS12_2.00,M09805_2.00,MS59_2.00,ENSG00000090447,TFAP4,Homo_sapiens,D,bHLH,HLH,1,0.837833807768996,V$AP4_Q6_02,Transfac,Transfac,Transfac,Matys,2006,16381825,7.0,SimilarityRegression,False,Ensembl,http://www.ensembl.org/,2018,Dec,8
122,T034253_2.00,F082_2.00,TS12_2.00,M09806_2.00,MS59_2.00,ENSG00000090447,TFAP4,Homo_sapiens,D,bHLH,HLH,1,0.837833807768996,V$AP4_Q6,Transfac,Transfac,Transfac,Matys,2006,16381825,7.0,SimilarityRegression,False,Ensembl,http://www.ensembl.org/,2018,Dec,8
123,T034254_2.00,F082_2.00,TS12_2.00,M08049_2.00,MS31_2.00,ENSG00000100644,HIF1A,Homo_sapiens,D,bHLH,HLH,1,0.837833807768996,MA1106.1,ChIP-seq,JASPAR,JASPAR,Mathelier,2014,24194598,August 2014,SimilarityRegression,False,Ensembl,http://www.ensembl.org/,2018,Dec,8
124,T034254_2.00,F082_2.00,TS12_2.00,M08713_2.00,MS27_2.00,ENSG00000100644,HIF1A,Homo_sapiens,D,bHLH,HLH,1,0.837833807768996,HIF1A_HUMAN.H11MO.0.C,Misc,HocoMoco,Misc,Kulakovskiy,2013,23175603,July 2014,SimilarityRegression,False,Ensembl,http://www.ensembl.org/,2018,Dec,8
125,T034254_2.00,F082_2.00,TS12_2.00,M09454_2.00,MS28_2.00,ENSG00000100644,HIF1A,Homo_sapiens,D,bHLH,HLH,1,0.837833807768996,MCF7-HIF1a_GSE28352,Misc,HOMER,Misc,Heinz,2010,20513432,January 2016,SimilarityRegression,False,Ensembl,http://www.ensembl.org/,2018,Dec,8
126,T034254_2.00,F082_2.00,TS12_2.00,M09807_2.00,MS59_2.00,ENSG00000100644,HIF1A,Homo_sapiens,D,bHLH,HLH,1,0.837833807768996,V$HIF1A_Q3,Transfac,Transfac,Transfac,Matys,2006,16381825,7.0,SimilarityRegression,False,Ensembl,http://www.ensembl.org/,2018,Dec,8
127,T034254_2.00,F082_2.00,TS12_2.00,M09808_2.00,MS59_2.00,ENSG00000100644,HIF1A,Homo_sapiens,D,bHLH,HLH,1,0.837833807768996,V$HIF1A_Q5,Transfac,Transfac,Transfac,Matys,2006,16381825,7.0,SimilarityRegression,False,Ensembl,http://www.ensembl.org/,2018,Dec,8
128,T034254_2.00,F082_2.00,TS12_2.00,M09809_2.00,MS59_2.00,ENSG00000100644,HIF1A,Homo_sapiens,D,bHLH,HLH,1,0.837833807768996,V$HIF1A_Q6,Transfac,Transfac,Transfac,Matys,2006,16381825,7.0,SimilarityRegression,False,Ensembl,http://www.ensembl.org/,2018,Dec,8
129,T034254_2.00,F082_2.00,TS12_2.00,M09810_2.00,MS59_2.00,ENSG00000100644,HIF1A,Homo_sapiens,D,bHLH,HLH,1,0.837833807768996,V$HIF1_Q3,Transfac,Transfac,Transfac,Matys,2006,16381825,7.0,SimilarityRegression,False,Ensembl,http://www.ensembl.org/,2018,Dec,8
130,T034254_2.00,F082_2.00,TS12_2.00,M09811_2.00,MS59_2.00,ENSG00000100644,HIF1A,Homo_sapiens,D,bHLH,HLH,1,0.837833807768996,V$HIF1_Q5,Transfac,Transfac,Transfac,Matys,2006,16381825,7.0,SimilarityRegression,False,Ensembl,http://www.ensembl.org/,2018,Dec,8
131,T034255_2.00,F082_2.00,TS12_2.00,M04074_2.00,MS62_2.00,ENSG00000101190,TCFL5,Homo_sapiens,D,bHLH,HLH,1,0.837833807768996,TCFL5_eDBD_HT-SELEX,SELEX,Yin2017,SELEX,Yin,2017,28473536,April 2017,SimilarityRegression,False,Ensembl,http://www.ensembl.org/,2018,Dec,8
132,T034255_2.00,F082_2.00,TS12_2.00,M04075_2.00,MS62_2.00,ENSG00000101190,TCFL5,Homo_sapiens,D,bHLH,HLH,1,0.837833807768996,TCFL5_eDBD_Methyl-HT-SELEX,SELEX,Yin2017,SELEX,Yin,2017,28473536,April 2017,SimilarityRegression,False,Ensembl,http://www.ensembl.org/,2018,Dec,8
133,T034256_2.00,F082_2.00,TS12_2.00,M08714_2.00,MS27_2.00,ENSG00000104903,LYL1,Homo_sapiens,D,bHLH,HLH,1,0.837833807768996,LYL1_HUMAN.H11MO.0.A,Misc,HocoMoco,Misc,Kulakovskiy,2013,23175603,July 2014,SimilarityRegression,False,Ensembl,http://www.ensembl.org/,2018,Dec,8
134,T034257_2.00,F082_2.00,TS12_2.00,M04076_2.00,MS62_2.00,ENSG00000105698,USF2,Homo_sapiens,D,bHLH,HLH,1,0.837833807768996,USF2_eDBD_HT-SELEX,SELEX,Yin2017,SELEX,Yin,2017,28473536,April 2017,SimilarityRegression,False,Ensembl,http://www.ensembl.org/,2018,Dec,8
135,T034257_2.00,F082_2.00,TS12_2.00,M04077_2.00,MS62_2.00,ENSG00000105698,USF2,Homo_sapiens,D,bHLH,HLH,1,0.837833807768996,USF2_eDBD_Methyl-HT-SELEX,SELEX,Yin2017,SELEX,Yin,2017,28473536,April 2017,SimilarityRegression,False,Ensembl,http://www.ensembl.org/,2018,Dec,8
136,T034257_2.00,F082_2.00,TS12_2.00,M07785_2.00,MS18_2.00,ENSG00000105698,USF2,Homo_sapiens,D,bHLH,HLH,1,0.837833807768996,GM12878_USF2_Stanford,ChIP-seq,ENCODE,ChIP-seq,Gerstein,2012,22955619,January 2011,SimilarityRegression,False,Ensembl,http://www.ensembl.org/,2018,Dec,8
137,T034257_2.00,F082_2.00,TS12_2.00,M07786_2.00,MS18_2.00,ENSG00000105698,USF2,Homo_sapiens,D,bHLH,HLH,1,0.837833807768996,H1-hESC_USF2_Stanford,ChIP-seq,ENCODE,ChIP-seq,Gerstein,2012,22955619,January 2011,SimilarityRegression,False,Ensembl,http://www.ensembl.org/,2018,Dec,8
138,T034257_2.00,F082_2.00,TS12_2.00,M07787_2.00,MS18_2.00,ENSG00000105698,USF2,Homo_sapiens,D,bHLH,HLH,1,0.837833807768996,HeLa-S3_USF2_Stanford,ChIP-seq,ENCODE,ChIP-seq,Gerstein,2012,22955619,January 2011,SimilarityRegression,False,Ensembl,http://www.ensembl.org/,2018,Dec,8
139,T034257_2.00,F082_2.00,TS12_2.00,M07788_2.00,MS18_2.00,ENSG00000105698,USF2,Homo_sapiens,D,bHLH,HLH,1,0.837833807768996,HepG2_USF2_Stanford,ChIP-seq,ENCODE,ChIP-seq,Gerstein,2012,22955619,January 2011,SimilarityRegression,False,Ensembl,http://www.ensembl.org/,2018,Dec,8
140,T034257_2.00,F082_2.00,TS12_2.00,M07789_2.00,MS18_2.00,ENSG00000105698,USF2,Homo_sapiens,D,bHLH,HLH,1,0.837833807768996,K562_USF2_Stanford,ChIP-seq,ENCODE,ChIP-seq,Gerstein,2012,22955619,January 2011,SimilarityRegression,False,Ensembl,http://www.ensembl.org/,2018,Dec,8
141,T034257_2.00,F082_2.00,TS12_2.00,M08050_2.00,MS31_2.00,ENSG00000105698,USF2,Homo_sapiens,D,bHLH,HLH,1,0.837833807768996,MA0526.2,ChIP-seq,JASPAR,JASPAR,Mathelier,2014,24194598,August 2014,SimilarityRegression,False,Ensembl,http://www.ensembl.org/,2018,Dec,8
142,T034257_2.00,F082_2.00,TS12_2.00,M08715_2.00,MS27_2.00,ENSG00000105698,USF2,Homo_sapiens,D,bHLH,HLH,1,0.837833807768996,USF2_HUMAN.H11MO.0.A,Misc,HocoMoco,Misc,Kulakovskiy,2013,23175603,July 2014,SimilarityRegression,False,Ensembl,http://www.ensembl.org/,2018,Dec,8
143,T034257_2.00,F082_2.00,TS12_2.00,M09812_2.00,MS59_2.00,ENSG00000105698,USF2,Homo_sapiens,D,bHLH,HLH,1,0.837833807768996,V$USF2_01,Transfac,Transfac,Transfac,Matys,2006,16381825,7.0,SimilarityRegression,False,Ensembl,http://www.ensembl.org/,2018,Dec,8
144,T034257_2.00,F082_2.00,TS12_2.00,M09813_2.00,MS59_2.00,ENSG00000105698,USF2,Homo_sapiens,D,bHLH,HLH,1,0.837833807768996,V$USF2_02,Transfac,Transfac,Transfac,Matys,2006,16381825,7.0,SimilarityRegression,False,Ensembl,http://www.ensembl.org/,2018,Dec,8
145,T034257_2.00,F082_2.00,TS12_2.00,M09814_2.00,MS59_2.00,ENSG00000105698,USF2,Homo_sapiens,D,bHLH,HLH,1,0.837833807768996,V$USF2_Q6_01,Transfac,Transfac,Transfac,Matys,2006,16381825,7.0,SimilarityRegression,False,Ensembl,http://www.ensembl.org/,2018,Dec,8
146,T034257_2.00,F082_2.00,TS12_2.00,M09815_2.00,MS59_2.00,ENSG00000105698,USF2,Homo_sapiens,D,bHLH,HLH,1,0.837833807768996,V$USF2_Q6,Transfac,Transfac,Transfac,Matys,2006,16381825,7.0,SimilarityRegression,False,Ensembl,http://www.ensembl.org/,2018,Dec,8
147,T034258_2.00,F082_2.00,TS12_2.00,M02778_2.00,MS33_2.00,ENSG00000105967,TFEC,Homo_sapiens,D,bHLH,HLH,1,0.837833807768996,TFEC_1,SELEX,Jolma2013,SELEX,Jolma,2013,23332764,January 2013,SimilarityRegression,False,Ensembl,http://www.ensembl.org/,2018,Dec,8
148,T034258_2.00,F082_2.00,TS12_2.00,M04078_2.00,MS62_2.00,ENSG00000105967,TFEC,Homo_sapiens,D,bHLH,HLH,1,0.837833807768996,TFEC_eDBD_HT-SELEX,SELEX,Yin2017,SELEX,Yin,2017,28473536,April 2017,SimilarityRegression,False,Ensembl,http://www.ensembl.org/,2018,Dec,8
149,T034258_2.00,F082_2.00,TS12_2.00,M04079_2.00,MS62_2.00,ENSG00000105967,TFEC,Homo_sapiens,D,bHLH,HLH,1,0.837833807768996,TFEC_eDBD_Methyl-HT-SELEX,SELEX,Yin2017,SELEX,Yin,2017,28473536,April 2017,SimilarityRegression,False,Ensembl,http://www.ensembl.org/,2018,Dec,8
150,T034259_2.00,F082_2.00,TS12_2.00,M08716_2.00,MS27_2.00,ENSG00000106546,AHR,Homo_sapiens,D,bHLH,HLH,1,0.837833807768996,AHR_HUMAN.H11MO.0.B,Misc,HocoMoco,Misc,Kulakovskiy,2013,23175603,July 2014,SimilarityRegression,False,Ensembl,http://www.ensembl.org/,2018,Dec,8
151,T034259_2.00,F082_2.00,TS12_2.00,M09816_2.00,MS59_2.00,ENSG00000106546,AHR,Homo_sapiens,D,bHLH,HLH,1,0.837833807768996,V$AHR_01,Transfac,Transfac,Transfac,Matys,2006,16381825,7.0,SimilarityRegression,False,Ensembl,http://www.ensembl.org/,2018,Dec,8
152,T034259_2.00,F082_2.00,TS12_2.00,M09817_2.00,MS59_2.00,ENSG00000106546,AHR,Homo_sapiens,D,bHLH,HLH,1,0.837833807768996,V$AHR_Q5,Transfac,Transfac,Transfac,Matys,2006,16381825,7.0,SimilarityRegression,False,Ensembl,http://www.ensembl.org/,2018,Dec,8
153,T034259_2.00,F082_2.00,TS12_2.00,M09818_2.00,MS59_2.00,ENSG00000106546,AHR,Homo_sapiens,D,bHLH,HLH,1,0.837833807768996,V$AHR_Q6_01,Transfac,Transfac,Transfac,Matys,2006,16381825,7.0,SimilarityRegression,False,Ensembl,http://www.ensembl.org/,2018,Dec,8
154,T034259_2.00,F082_2.00,TS12_2.00,M09819_2.00,MS59_2.00,ENSG00000106546,AHR,Homo_sapiens,D,bHLH,HLH,1,0.837833807768996,V$AHR_Q6,Transfac,Transfac,Transfac,Matys,2006,16381825,7.0,SimilarityRegression,False,Ensembl,http://www.ensembl.org/,2018,Dec,8
155,T034260_2.00,F082_2.00,TS12_2.00,M02779_2.00,MS33_2.00,ENSG00000108788,MLX,Homo_sapiens,D,bHLH,HLH,1,0.837833807768996,MLX_1,SELEX,Jolma2013,SELEX,Jolma,2013,23332764,January 2013,SimilarityRegression,False,Ensembl,http://www.ensembl.org/,2018,Dec,8
156,T034260_2.00,F082_2.00,TS12_2.00,M04080_2.00,MS62_2.00,ENSG00000108788,MLX,Homo_sapiens,D,bHLH,HLH,1,0.837833807768996,MLX_eDBD_HT-SELEX,SELEX,Yin2017,SELEX,Yin,2017,28473536,April 2017,SimilarityRegression,False,Ensembl,http://www.ensembl.org/,2018,Dec,8
157,T034260_2.00,F082_2.00,TS12_2.00,M04081_2.00,MS62_2.00,ENSG00000108788,MLX,Homo_sapiens,D,bHLH,HLH,1,0.837833807768996,MLX_eDBD_Methyl-HT-SELEX,SELEX,Yin2017,SELEX,Yin,2017,28473536,April 2017,SimilarityRegression,False,Ensembl,http://www.ensembl.org/,2018,Dec,8
158,T034260_2.00,F082_2.00,TS12_2.00,M04082_2.00,MS62_2.00,ENSG00000108788,MLX,Homo_sapiens,D,bHLH,HLH,1,0.837833807768996,MLX_FL_HT-SELEX,SELEX,Yin2017,SELEX,Yin,2017,28473536,April 2017,SimilarityRegression,False,Ensembl,http://www.ensembl.org/,2018,Dec,8
159,T034260_2.00,F082_2.00,TS12_2.00,M04083_2.00,MS62_2.00,ENSG00000108788,MLX,Homo_sapiens,D,bHLH,HLH,1,0.837833807768996,MLX_FL_Methyl-HT-SELEX,SELEX,Yin2017,SELEX,Yin,2017,28473536,April 2017,SimilarityRegression,False,Ensembl,http://www.ensembl.org/,2018,Dec,8
160,T034261_2.00,F082_2.00,TS12_2.00,M02780_2.00,MS33_2.00,ENSG00000111046,MYF6,Homo_sapiens,D,bHLH,HLH,1,0.837833807768996,MYF6_1,SELEX,Jolma2013,SELEX,Jolma,2013,23332764,January 2013,SimilarityRegression,False,Ensembl,http://www.ensembl.org/,2018,Dec,8
161,T034261_2.00,F082_2.00,TS12_2.00,M04084_2.00,MS62_2.00,ENSG00000111046,MYF6,Homo_sapiens,D,bHLH,HLH,1,0.837833807768996,MYF6_eDBD_HT-SELEX_1,SELEX,Yin2017,SELEX,Yin,2017,28473536,April 2017,SimilarityRegression,False,Ensembl,http://www.ensembl.org/,2018,Dec,8
162,T034261_2.00,F082_2.00,TS12_2.00,M04085_2.00,MS62_2.00,ENSG00000111046,MYF6,Homo_sapiens,D,bHLH,HLH,1,0.837833807768996,MYF6_eDBD_HT-SELEX_2,SELEX,Yin2017,SELEX,Yin,2017,28473536,April 2017,SimilarityRegression,False,Ensembl,http://www.ensembl.org/,2018,Dec,8
163,T034261_2.00,F082_2.00,TS12_2.00,M04086_2.00,MS62_2.00,ENSG00000111046,MYF6,Homo_sapiens,D,bHLH,HLH,1,0.837833807768996,MYF6_eDBD_Methyl-HT-SELEX_1,SELEX,Yin2017,SELEX,Yin,2017,28473536,April 2017,SimilarityRegression,False,Ensembl,http://www.ensembl.org/,2018,Dec,8
164,T034261_2.00,F082_2.00,TS12_2.00,M04087_2.00,MS62_2.00,ENSG00000111046,MYF6,Homo_sapiens,D,bHLH,HLH,1,0.837833807768996,MYF6_eDBD_Methyl-HT-SELEX_2,SELEX,Yin2017,SELEX,Yin,2017,28473536,April 2017,SimilarityRegression,False,Ensembl,http://www.ensembl.org/,2018,Dec,8
165,T034261_2.00,F082_2.00,TS12_2.00,M05831_2.00,MS30_2.00,ENSG00000111046,MYF6,Homo_sapiens,D,bHLH,HLH,1,0.837833807768996,MYF6,SMiLE-seq,Isakova2017,SMiLE-seq,Isakova,2017,28092692,April 2017,SimilarityRegression,False,Ensembl,http://www.ensembl.org/,2018,Dec,8
166,T034261_2.00,F082_2.00,TS12_2.00,M08717_2.00,MS27_2.00,ENSG00000111046,MYF6,Homo_sapiens,D,bHLH,HLH,1,0.837833807768996,MYF6_HUMAN.H11MO.0.C,Misc,HocoMoco,Misc,Kulakovskiy,2013,23175603,July 2014,SimilarityRegression,False,Ensembl,http://www.ensembl.org/,2018,Dec,8
167,T034261_2.00,F082_2.00,TS12_2.00,M09820_2.00,MS59_2.00,ENSG00000111046,MYF6,Homo_sapiens,D,bHLH,HLH,1,0.837833807768996,V$MRF4_Q3,Transfac,Transfac,Transfac,Matys,2006,16381825,7.0,SimilarityRegression,False,Ensembl,http://www.ensembl.org/,2018,Dec,8
168,T034262_2.00,F082_2.00,TS12_2.00,M09821_2.00,MS59_2.00,ENSG00000111049,MYF5,Homo_sapiens,D,bHLH,HLH,1,0.837833807768996,V$MYF5_Q6,Transfac,Transfac,Transfac,Matys,2006,16381825,7.0,SimilarityRegression,False,Ensembl,http://www.ensembl.org/,2018,Dec,8
169,T034263_2.00,F082_2.00,TS12_2.00,.,.,ENSG00000112246,SIM1,Homo_sapiens,N,bHLH,HLH,1,0.837833807768996,.,.,.,.,.,.,.,.,SimilarityRegression,False,Ensembl,http://www.ensembl.org/,2018,Dec,8
170,T034264_2.00,F082_2.00,TS12_2.00,M02727_2.00,MS32_2.00,ENSG00000112561,TFEB,Homo_sapiens,D,bHLH,HLH,1,0.837833807768996,TFEB_dimer,SELEX,Jolma2010,SELEX,Jolma,2010,20378718,,SimilarityRegression,False,Ensembl,http://www.ensembl.org/,2018,Dec,8
171,T034264_2.00,F082_2.00,TS12_2.00,M02781_2.00,MS33_2.00,ENSG00000112561,TFEB,Homo_sapiens,D,bHLH,HLH,1,0.837833807768996,TFEB_1,SELEX,Jolma2013,SELEX,Jolma,2013,23332764,January 2013,SimilarityRegression,False,Ensembl,http://www.ensembl.org/,2018,Dec,8
172,T034264_2.00,F082_2.00,TS12_2.00,M04088_2.00,MS62_2.00,ENSG00000112561,TFEB,Homo_sapiens,D,bHLH,HLH,1,0.837833807768996,TFEB_eDBD_HT-SELEX,SELEX,Yin2017,SELEX,Yin,2017,28473536,April 2017,SimilarityRegression,False,Ensembl,http://www.ensembl.org/,2018,Dec,8
173,T034264_2.00,F082_2.00,TS12_2.00,M04089_2.00,MS62_2.00,ENSG00000112561,TFEB,Homo_sapiens,D,bHLH,HLH,1,0.837833807768996,TFEB_eDBD_Methyl-HT-SELEX,SELEX,Yin2017,SELEX,Yin,2017,28473536,April 2017,SimilarityRegression,False,Ensembl,http://www.ensembl.org/,2018,Dec,8
174,T034264_2.00,F082_2.00,TS12_2.00,M08718_2.00,MS27_2.00,ENSG00000112561,TFEB,Homo_sapiens,D,bHLH,HLH,1,0.837833807768996,TFEB_HUMAN.H11MO.0.C,Misc,HocoMoco,Misc,Kulakovskiy,2013,23175603,July 2014,SimilarityRegression,False,Ensembl,http://www.ensembl.org/,2018,Dec,8
175,T034265_2.00,F082_2.00,TS12_2.00,M08769_2.00,MS27_2.00,ENSG00000113196,HAND1,Homo_sapiens,I,bHLH,HLH,1,0.837833807768996,HAND1_MOUSE.H11MO.0.C,Misc,HocoMoco,Misc,Kulakovskiy,2013,23175603,July 2014,SimilarityRegression,False,Ensembl,http://www.ensembl.org/,2018,Dec,8
176,T034266_2.00,F082_2.00,TS12_2.00,M04090_2.00,MS62_2.00,ENSG00000114315,HES1,Homo_sapiens,D,bHLH,HLH,1,0.837833807768996,HES1_eDBD_HT-SELEX,SELEX,Yin2017,SELEX,Yin,2017,28473536,April 2017,SimilarityRegression,False,Ensembl,http://www.ensembl.org/,2018,Dec,8
177,T034266_2.00,F082_2.00,TS12_2.00,M04091_2.00,MS62_2.00,ENSG00000114315,HES1,Homo_sapiens,D,bHLH,HLH,1,0.837833807768996,HES1_eDBD_Methyl-HT-SELEX,SELEX,Yin2017,SELEX,Yin,2017,28473536,April 2017,SimilarityRegression,False,Ensembl,http://www.ensembl.org/,2018,Dec,8
178,T034266_2.00,F082_2.00,TS12_2.00,M09822_2.00,MS59_2.00,ENSG00000114315,HES1,Homo_sapiens,D,bHLH,HLH,1,0.837833807768996,V$HES1_Q2,Transfac,Transfac,Transfac,Matys,2006,16381825,7.0,SimilarityRegression,False,Ensembl,http://www.ensembl.org/,2018,Dec,8
179,T034266_2.00,F082_2.00,TS12_2.00,M09823_2.00,MS59_2.00,ENSG00000114315,HES1,Homo_sapiens,D,bHLH,HLH,1,0.837833807768996,V$HES1_Q3,Transfac,Transfac,Transfac,Matys,2006,16381825,7.0,SimilarityRegression,False,Ensembl,http://www.ensembl.org/,2018,Dec,8
180,T034266_2.00,F082_2.00,TS12_2.00,M09824_2.00,MS59_2.00,ENSG00000114315,HES1,Homo_sapiens,D,bHLH,HLH,1,0.837833807768996,V$HES1_Q4,Transfac,Transfac,Transfac,Matys,2006,16381825,7.0,SimilarityRegression,False,Ensembl,http://www.ensembl.org/,2018,Dec,8
181,T034266_2.00,F082_2.00,TS12_2.00,M09825_2.00,MS59_2.00,ENSG00000114315,HES1,Homo_sapiens,D,bHLH,HLH,1,0.837833807768996,V$HES1_Q6,Transfac,Transfac,Transfac,Matys,2006,16381825,7.0,SimilarityRegression,False,Ensembl,http://www.ensembl.org/,2018,Dec,8
182,T034267_2.00,F082_2.00,TS12_2.00,M08719_2.00,MS27_2.00,ENSG00000116016,EPAS1,Homo_sapiens,D,bHLH,HLH,1,0.837833807768996,EPAS1_HUMAN.H11MO.0.B,Misc,HocoMoco,Misc,Kulakovskiy,2013,23175603,July 2014,SimilarityRegression,False,Ensembl,http://www.ensembl.org/,2018,Dec,8
183,T034267_2.00,F082_2.00,TS12_2.00,M09455_2.00,MS28_2.00,ENSG00000116016,EPAS1,Homo_sapiens,D,bHLH,HLH,1,0.837833807768996,785_O-HIF2a_GSE34871,Misc,HOMER,Misc,Heinz,2010,20513432,January 2016,SimilarityRegression,False,Ensembl,http://www.ensembl.org/,2018,Dec,8
184,T034267_2.00,F082_2.00,TS12_2.00,M09826_2.00,MS59_2.00,ENSG00000116016,EPAS1,Homo_sapiens,D,bHLH,HLH,1,0.837833807768996,V$HIF2A_01,Transfac,Transfac,Transfac,Matys,2006,16381825,7.0,SimilarityRegression,False,Ensembl,http://www.ensembl.org/,2018,Dec,8
185,T034267_2.00,F082_2.00,TS12_2.00,M09827_2.00,MS59_2.00,ENSG00000116016,EPAS1,Homo_sapiens,D,bHLH,HLH,1,0.837833807768996,V$HIF2A_Q6,Transfac,Transfac,Transfac,Matys,2006,16381825,7.0,SimilarityRegression,False,Ensembl,http://www.ensembl.org/,2018,Dec,8
186,T034268_2.00,F082_2.00,TS12_2.00,.,.,ENSG00000116990,MYCL,Homo_sapiens,N,bHLH,HLH,1,0.837833807768996,.,.,.,.,.,.,.,.,SimilarityRegression,False,Ensembl,http://www.ensembl.org/,2018,Dec,8
187,T034269_2.00,F082_2.00,TS12_2.00,M04092_2.00,MS62_2.00,ENSG00000118526,TCF21,Homo_sapiens,D,bHLH,HLH,1,0.837833807768996,TCF21_eDBD_HT-SELEX_1,SELEX,Yin2017,SELEX,Yin,2017,28473536,April 2017,SimilarityRegression,False,Ensembl,http://www.ensembl.org/,2018,Dec,8
188,T034269_2.00,F082_2.00,TS12_2.00,M04093_2.00,MS62_2.00,ENSG00000118526,TCF21,Homo_sapiens,D,bHLH,HLH,1,0.837833807768996,TCF21_eDBD_HT-SELEX_2,SELEX,Yin2017,SELEX,Yin,2017,28473536,April 2017,SimilarityRegression,False,Ensembl,http://www.ensembl.org/,2018,Dec,8
189,T034269_2.00,F082_2.00,TS12_2.00,M04094_2.00,MS62_2.00,ENSG00000118526,TCF21,Homo_sapiens,D,bHLH,HLH,1,0.837833807768996,TCF21_eDBD_Methyl-HT-SELEX_1,SELEX,Yin2017,SELEX,Yin,2017,28473536,April 2017,SimilarityRegression,False,Ensembl,http://www.ensembl.org/,2018,Dec,8
190,T034269_2.00,F082_2.00,TS12_2.00,M04095_2.00,MS62_2.00,ENSG00000118526,TCF21,Homo_sapiens,D,bHLH,HLH,1,0.837833807768996,TCF21_eDBD_Methyl-HT-SELEX_2,SELEX,Yin2017,SELEX,Yin,2017,28473536,April 2017,SimilarityRegression,False,Ensembl,http://www.ensembl.org/,2018,Dec,8
191,T034270_2.00,F082_2.00,TS12_2.00,M07790_2.00,MS18_2.00,ENSG00000119950,MXI1,Homo_sapiens,D,bHLH,HLH,1,0.837833807768996,HeLa-S3_MXI1_Stanford,ChIP-seq,ENCODE,ChIP-seq,Gerstein,2012,22955619,January 2011,SimilarityRegression,False,Ensembl,http://www.ensembl.org/,2018,Dec,8
192,T034270_2.00,F082_2.00,TS12_2.00,M08051_2.00,MS31_2.00,ENSG00000119950,MXI1,Homo_sapiens,D,bHLH,HLH,1,0.837833807768996,MA1108.1,ChIP-seq,JASPAR,JASPAR,Mathelier,2014,24194598,August 2014,SimilarityRegression,False,Ensembl,http://www.ensembl.org/,2018,Dec,8
193,T034270_2.00,F082_2.00,TS12_2.00,M08181_2.00,MS42_2.00,ENSG00000119950,MXI1,Homo_sapiens,D,bHLH,HLH,1,0.837833807768996,Mv93,ChIP-seq,modENCODE,ChIP-seq,Contrino,2012,22080565,March 2016,SimilarityRegression,False,Ensembl,http://www.ensembl.org/,2018,Dec,8
194,T034270_2.00,F082_2.00,TS12_2.00,M08182_2.00,MS42_2.00,ENSG00000119950,MXI1,Homo_sapiens,D,bHLH,HLH,1,0.837833807768996,Mv94,ChIP-seq,modENCODE,ChIP-seq,Contrino,2012,22080565,March 2016,SimilarityRegression,False,Ensembl,http://www.ensembl.org/,2018,Dec,8
195,T034270_2.00,F082_2.00,TS12_2.00,M08720_2.00,MS27_2.00,ENSG00000119950,MXI1,Homo_sapiens,D,bHLH,HLH,1,0.837833807768996,MXI1_HUMAN.H11MO.0.A,Misc,HocoMoco,Misc,Kulakovskiy,2013,23175603,July 2014,SimilarityRegression,False,Ensembl,http://www.ensembl.org/,2018,Dec,8
196,T034270_2.00,F082_2.00,TS12_2.00,M09828_2.00,MS59_2.00,ENSG00000119950,MXI1,Homo_sapiens,D,bHLH,HLH,1,0.837833807768996,V$MXI1_01,Transfac,Transfac,Transfac,Matys,2006,16381825,7.0,SimilarityRegression,False,Ensembl,http://www.ensembl.org/,2018,Dec,8
197,T034271_2.00,F082_2.00,TS12_2.00,M01113_2.00,MS57_2.00,ENSG00000120669,SOHLH2,Homo_sapiens,D,bHLH,HLH,1,0.837833807768996,pTH11270,PBM,TF_Evolution,PBM,Lambert,2019,,,SimilarityRegression,False,Ensembl,http://www.ensembl.org/,2018,Dec,8
198,T034271_2.00,F082_2.00,TS12_2.00,M04096_2.00,MS62_2.00,ENSG00000120669,SOHLH2,Homo_sapiens,D,bHLH,HLH,1,0.837833807768996,SOHLH2_eDBD_HT-SELEX,SELEX,Yin2017,SELEX,Yin,2017,28473536,April 2017,SimilarityRegression,False,Ensembl,http://www.ensembl.org/,2018,Dec,8
199,T034271_2.00,F082_2.00,TS12_2.00,M04097_2.00,MS62_2.00,ENSG00000120669,SOHLH2,Homo_sapiens,D,bHLH,HLH,1,0.837833807768996,SOHLH2_eDBD_Methyl-HT-SELEX,SELEX,Yin2017,SELEX,Yin,2017,28473536,April 2017,SimilarityRegression,False,Ensembl,http://www.ensembl.org/,2018,Dec,8
200,T034272_2.00,F082_2.00,TS12_2.00,M04098_2.00,MS62_2.00,ENSG00000122180,MYOG,Homo_sapiens,D,bHLH,HLH,1,0.837833807768996,MYOG_eDBD_HT-SELEX_1,SELEX,Yin2017,SELEX,Yin,2017,28473536,April 2017,SimilarityRegression,False,Ensembl,http://www.ensembl.org/,2018,Dec,8
201,T034272_2.00,F082_2.00,TS12_2.00,M04099_2.00,MS62_2.00,ENSG00000122180,MYOG,Homo_sapiens,D,bHLH,HLH,1,0.837833807768996,MYOG_eDBD_HT-SELEX_2,SELEX,Yin2017,SELEX,Yin,2017,28473536,April 2017,SimilarityRegression,False,Ensembl,http://www.ensembl.org/,2018,Dec,8
202,T034272_2.00,F082_2.00,TS12_2.00,M04100_2.00,MS62_2.00,ENSG00000122180,MYOG,Homo_sapiens,D,bHLH,HLH,1,0.837833807768996,MYOG_eDBD_Methyl-HT-SELEX_1,SELEX,Yin2017,SELEX,Yin,2017,28473536,April 2017,SimilarityRegression,False,Ensembl,http://www.ensembl.org/,2018,Dec,8
203,T034272_2.00,F082_2.00,TS12_2.00,M04101_2.00,MS62_2.00,ENSG00000122180,MYOG,Homo_sapiens,D,bHLH,HLH,1,0.837833807768996,MYOG_eDBD_Methyl-HT-SELEX_2,SELEX,Yin2017,SELEX,Yin,2017,28473536,April 2017,SimilarityRegression,False,Ensembl,http://www.ensembl.org/,2018,Dec,8
204,T034272_2.00,F082_2.00,TS12_2.00,M04102_2.00,MS62_2.00,ENSG00000122180,MYOG,Homo_sapiens,D,bHLH,HLH,1,0.837833807768996,MYOG_FL_HT-SELEX_1,SELEX,Yin2017,SELEX,Yin,2017,28473536,April 2017,SimilarityRegression,False,Ensembl,http://www.ensembl.org/,2018,Dec,8
205,T034272_2.00,F082_2.00,TS12_2.00,M04103_2.00,MS62_2.00,ENSG00000122180,MYOG,Homo_sapiens,D,bHLH,HLH,1,0.837833807768996,MYOG_FL_HT-SELEX_2,SELEX,Yin2017,SELEX,Yin,2017,28473536,April 2017,SimilarityRegression,False,Ensembl,http://www.ensembl.org/,2018,Dec,8
206,T034272_2.00,F082_2.00,TS12_2.00,M04104_2.00,MS62_2.00,ENSG00000122180,MYOG,Homo_sapiens,D,bHLH,HLH,1,0.837833807768996,MYOG_FL_Methyl-HT-SELEX_1,SELEX,Yin2017,SELEX,Yin,2017,28473536,April 2017,SimilarityRegression,False,Ensembl,http://www.ensembl.org/,2018,Dec,8
207,T034272_2.00,F082_2.00,TS12_2.00,M04105_2.00,MS62_2.00,ENSG00000122180,MYOG,Homo_sapiens,D,bHLH,HLH,1,0.837833807768996,MYOG_FL_Methyl-HT-SELEX_2,SELEX,Yin2017,SELEX,Yin,2017,28473536,April 2017,SimilarityRegression,False,Ensembl,http://www.ensembl.org/,2018,Dec,8
208,T034272_2.00,F082_2.00,TS12_2.00,M08721_2.00,MS27_2.00,ENSG00000122180,MYOG,Homo_sapiens,D,bHLH,HLH,1,0.837833807768996,MYOG_HUMAN.H11MO.0.B,Misc,HocoMoco,Misc,Kulakovskiy,2013,23175603,July 2014,SimilarityRegression,False,Ensembl,http://www.ensembl.org/,2018,Dec,8
209,T034272_2.00,F082_2.00,TS12_2.00,M09829_2.00,MS59_2.00,ENSG00000122180,MYOG,Homo_sapiens,D,bHLH,HLH,1,0.837833807768996,V$MYOGENIN_Q6_01,Transfac,Transfac,Transfac,Matys,2006,16381825,7.0,SimilarityRegression,False,Ensembl,http://www.ensembl.org/,2018,Dec,8
210,T034272_2.00,F082_2.00,TS12_2.00,M09830_2.00,MS59_2.00,ENSG00000122180,MYOG,Homo_sapiens,D,bHLH,HLH,1,0.837833807768996,V$MYOGENIN_Q6,Transfac,Transfac,Transfac,Matys,2006,16381825,7.0,SimilarityRegression,False,Ensembl,http://www.ensembl.org/,2018,Dec,8
211,T034273_2.00,F082_2.00,TS12_2.00,M08052_2.00,MS31_2.00,ENSG00000122691,TWIST1,Homo_sapiens,D,bHLH,HLH,1,0.837833807768996,MA1123.1,ChIP-seq,JASPAR,JASPAR,Mathelier,2014,24194598,August 2014,SimilarityRegression,False,Ensembl,http://www.ensembl.org/,2018,Dec,8
212,T034273_2.00,F082_2.00,TS12_2.00,M08722_2.00,MS27_2.00,ENSG00000122691,TWIST1,Homo_sapiens,D,bHLH,HLH,1,0.837833807768996,TWST1_HUMAN.H11MO.0.A,Misc,HocoMoco,Misc,Kulakovskiy,2013,23175603,July 2014,SimilarityRegression,False,Ensembl,http://www.ensembl.org/,2018,Dec,8
213,T034273_2.00,F082_2.00,TS12_2.00,M09831_2.00,MS59_2.00,ENSG00000122691,TWIST1,Homo_sapiens,D,bHLH,HLH,1,0.837833807768996,V$TWIST_Q6_01,Transfac,Transfac,Transfac,Matys,2006,16381825,7.0,SimilarityRegression,False,Ensembl,http://www.ensembl.org/,2018,Dec,8
214,T034273_2.00,F082_2.00,TS12_2.00,M09832_2.00,MS59_2.00,ENSG00000122691,TWIST1,Homo_sapiens,D,bHLH,HLH,1,0.837833807768996,V$TWIST_Q6,Transfac,Transfac,Transfac,Matys,2006,16381825,7.0,SimilarityRegression,False,Ensembl,http://www.ensembl.org/,2018,Dec,8
215,T034274_2.00,F082_2.00,TS12_2.00,M02799_2.00,MS33_2.00,ENSG00000122859,NEUROG3,Homo_sapiens,I,bHLH,HLH,1,0.837833807768996,NEUROG2_1,SELEX,Jolma2013,SELEX,Jolma,2013,23332764,January 2013,SimilarityRegression,False,Ensembl,http://www.ensembl.org/,2018,Dec,8
216,T034275_2.00,F082_2.00,TS12_2.00,M02782_2.00,MS33_2.00,ENSG00000123095,BHLHE41,Homo_sapiens,D,bHLH,HLH,1,0.837833807768996,BHLHB3_1,SELEX,Jolma2013,SELEX,Jolma,2013,23332764,January 2013,SimilarityRegression,False,Ensembl,http://www.ensembl.org/,2018,Dec,8
217,T034275_2.00,F082_2.00,TS12_2.00,M02783_2.00,MS33_2.00,ENSG00000123095,BHLHE41,Homo_sapiens,D,bHLH,HLH,1,0.837833807768996,BHLHE41_1,SELEX,Jolma2013,SELEX,Jolma,2013,23332764,January 2013,SimilarityRegression,False,Ensembl,http://www.ensembl.org/,2018,Dec,8
218,T034275_2.00,F082_2.00,TS12_2.00,M04106_2.00,MS62_2.00,ENSG00000123095,BHLHE41,Homo_sapiens,D,bHLH,HLH,1,0.837833807768996,BHLHE41_eDBD_HT-SELEX,SELEX,Yin2017,SELEX,Yin,2017,28473536,April 2017,SimilarityRegression,False,Ensembl,http://www.ensembl.org/,2018,Dec,8
219,T034275_2.00,F082_2.00,TS12_2.00,M04107_2.00,MS62_2.00,ENSG00000123095,BHLHE41,Homo_sapiens,D,bHLH,HLH,1,0.837833807768996,BHLHE41_eDBD_Methyl-HT-SELEX,SELEX,Yin2017,SELEX,Yin,2017,28473536,April 2017,SimilarityRegression,False,Ensembl,http://www.ensembl.org/,2018,Dec,8
220,T034275_2.00,F082_2.00,TS12_2.00,M09833_2.00,MS59_2.00,ENSG00000123095,BHLHE41,Homo_sapiens,D,bHLH,HLH,1,0.837833807768996,V$DEC2_Q2,Transfac,Transfac,Transfac,Matys,2006,16381825,7.0,SimilarityRegression,False,Ensembl,http://www.ensembl.org/,2018,Dec,8
221,T034275_2.00,F082_2.00,TS12_2.00,M09834_2.00,MS59_2.00,ENSG00000123095,BHLHE41,Homo_sapiens,D,bHLH,HLH,1,0.837833807768996,V$DEC2_Q3,Transfac,Transfac,Transfac,Matys,2006,16381825,7.0,SimilarityRegression,False,Ensembl,http://www.ensembl.org/,2018,Dec,8
222,T034276_2.00,F082_2.00,TS12_2.00,M04148_2.00,MS62_2.00,ENSG00000123307,NEUROD4,Homo_sapiens,I,bHLH,HLH,1,0.837833807768996,NEUROD1_FL_HT-SELEX,SELEX,Yin2017,SELEX,Yin,2017,28473536,April 2017,SimilarityRegression,False,Ensembl,http://www.ensembl.org/,2018,Dec,8
223,T034277_2.00,F082_2.00,TS12_2.00,.,.,ENSG00000123933,MXD4,Homo_sapiens,N,bHLH,HLH,1,0.837833807768996,.,.,.,.,.,.,.,.,SimilarityRegression,False,Ensembl,http://www.ensembl.org/,2018,Dec,8
224,T034278_2.00,F082_2.00,TS12_2.00,.,.,ENSG00000124151,NCOA3,Homo_sapiens,N,bHLH,HLH,1,0.837833807768996,.,.,.,.,.,.,.,.,SimilarityRegression,False,Ensembl,http://www.ensembl.org/,2018,Dec,8
225,T034279_2.00,F082_2.00,TS12_2.00,M09885_2.00,MS59_2.00,ENSG00000124440,HIF3A,Homo_sapiens,I,bHLH,HLH,1,0.837833807768996,V$MOP7_01,Transfac,Transfac,Transfac,Matys,2006,16381825,7.0,SimilarityRegression,False,Ensembl,http://www.ensembl.org/,2018,Dec,8
226,T034280_2.00,F082_2.00,TS12_2.00,M02784_2.00,MS33_2.00,ENSG00000125533,BHLHE23,Homo_sapiens,D,bHLH,HLH,1,0.837833807768996,BHLHE23_1,SELEX,Jolma2013,SELEX,Jolma,2013,23332764,January 2013,SimilarityRegression,False,Ensembl,http://www.ensembl.org/,2018,Dec,8
227,T034280_2.00,F082_2.00,TS12_2.00,M04108_2.00,MS62_2.00,ENSG00000125533,BHLHE23,Homo_sapiens,D,bHLH,HLH,1,0.837833807768996,BHLHE23_eDBD_HT-SELEX,SELEX,Yin2017,SELEX,Yin,2017,28473536,April 2017,SimilarityRegression,False,Ensembl,http://www.ensembl.org/,2018,Dec,8
228,T034280_2.00,F082_2.00,TS12_2.00,M04109_2.00,MS62_2.00,ENSG00000125533,BHLHE23,Homo_sapiens,D,bHLH,HLH,1,0.837833807768996,BHLHE23_eDBD_Methyl-HT-SELEX,SELEX,Yin2017,SELEX,Yin,2017,28473536,April 2017,SimilarityRegression,False,Ensembl,http://www.ensembl.org/,2018,Dec,8
229,T034280_2.00,F082_2.00,TS12_2.00,M04110_2.00,MS62_2.00,ENSG00000125533,BHLHE23,Homo_sapiens,D,bHLH,HLH,1,0.837833807768996,BHLHE23_FL_HT-SELEX,SELEX,Yin2017,SELEX,Yin,2017,28473536,April 2017,SimilarityRegression,False,Ensembl,http://www.ensembl.org/,2018,Dec,8
230,T034280_2.00,F082_2.00,TS12_2.00,M04111_2.00,MS62_2.00,ENSG00000125533,BHLHE23,Homo_sapiens,D,bHLH,HLH,1,0.837833807768996,BHLHE23_FL_Methyl-HT-SELEX,SELEX,Yin2017,SELEX,Yin,2017,28473536,April 2017,SimilarityRegression,False,Ensembl,http://www.ensembl.org/,2018,Dec,8
231,T034281_2.00,F082_2.00,TS12_2.00,.,.,ENSG00000125878,TCF15,Homo_sapiens,N,bHLH,HLH,1,0.837833807768996,.,.,.,.,.,.,.,.,SimilarityRegression,False,Ensembl,http://www.ensembl.org/,2018,Dec,8
232,T034282_2.00,F082_2.00,TS12_2.00,M00938_2.00,MS24_2.00,ENSG00000125952,MAX,Homo_sapiens,D,bHLH,HLH,1,0.837833807768996,Max_L,PBM,Guo2014,PBM,Guo,2014,25287278,,SimilarityRegression,False,Ensembl,http://www.ensembl.org/,2018,Dec,8
233,T034282_2.00,F082_2.00,TS12_2.00,M01497_2.00,MS61_2.00,ENSG00000125952,MAX,Homo_sapiens,D,bHLH,HLH,1,0.837833807768996,MAX_5mCG,PBM,Yin2017b,PBM,Yin,2017b,28473536,,SimilarityRegression,False,Ensembl,http://www.ensembl.org/,2018,Dec,8
234,T034282_2.00,F082_2.00,TS12_2.00,M01498_2.00,MS61_2.00,ENSG00000125952,MAX,Homo_sapiens,D,bHLH,HLH,1,0.837833807768996,MAX_Cytosine,PBM,Yin2017b,PBM,Yin,2017b,28473536,,SimilarityRegression,False,Ensembl,http://www.ensembl.org/,2018,Dec,8
235,T034282_2.00,F082_2.00,TS12_2.00,M02785_2.00,MS33_2.00,ENSG00000125952,MAX,Homo_sapiens,D,bHLH,HLH,1,0.837833807768996,MAX_1,SELEX,Jolma2013,SELEX,Jolma,2013,23332764,January 2013,SimilarityRegression,False,Ensembl,http://www.ensembl.org/,2018,Dec,8
236,T034282_2.00,F082_2.00,TS12_2.00,M02786_2.00,MS33_2.00,ENSG00000125952,MAX,Homo_sapiens,D,bHLH,HLH,1,0.837833807768996,MAX_2,SELEX,Jolma2013,SELEX,Jolma,2013,23332764,January 2013,SimilarityRegression,False,Ensembl,http://www.ensembl.org/,2018,Dec,8
237,T034282_2.00,F082_2.00,TS12_2.00,M04112_2.00,MS62_2.00,ENSG00000125952,MAX,Homo_sapiens,D,bHLH,HLH,1,0.837833807768996,MAX_eDBD_HT-SELEX,SELEX,Yin2017,SELEX,Yin,2017,28473536,April 2017,SimilarityRegression,False,Ensembl,http://www.ensembl.org/,2018,Dec,8
238,T034282_2.00,F082_2.00,TS12_2.00,M04113_2.00,MS62_2.00,ENSG00000125952,MAX,Homo_sapiens,D,bHLH,HLH,1,0.837833807768996,MAX_eDBD_Methyl-HT-SELEX,SELEX,Yin2017,SELEX,Yin,2017,28473536,April 2017,SimilarityRegression,False,Ensembl,http://www.ensembl.org/,2018,Dec,8
239,T034282_2.00,F082_2.00,TS12_2.00,M04114_2.00,MS62_2.00,ENSG00000125952,MAX,Homo_sapiens,D,bHLH,HLH,1,0.837833807768996,MAX_FL_HT-SELEX,SELEX,Yin2017,SELEX,Yin,2017,28473536,April 2017,SimilarityRegression,False,Ensembl,http://www.ensembl.org/,2018,Dec,8
240,T034282_2.00,F082_2.00,TS12_2.00,M04115_2.00,MS62_2.00,ENSG00000125952,MAX,Homo_sapiens,D,bHLH,HLH,1,0.837833807768996,MAX_FL_Methyl-HT-SELEX,SELEX,Yin2017,SELEX,Yin,2017,28473536,April 2017,SimilarityRegression,False,Ensembl,http://www.ensembl.org/,2018,Dec,8
241,T034282_2.00,F082_2.00,TS12_2.00,M05832_2.00,MS30_2.00,ENSG00000125952,MAX,Homo_sapiens,D,bHLH,HLH,1,0.837833807768996,MAX,SMiLE-seq,Isakova2017,SMiLE-seq,Isakova,2017,28092692,April 2017,SimilarityRegression,False,Ensembl,http://www.ensembl.org/,2018,Dec,8
242,T034282_2.00,F082_2.00,TS12_2.00,M07791_2.00,MS18_2.00,ENSG00000125952,MAX,Homo_sapiens,D,bHLH,HLH,1,0.837833807768996,GM12878_MAX_Stanford,ChIP-seq,ENCODE,ChIP-seq,Gerstein,2012,22955619,January 2011,SimilarityRegression,False,Ensembl,http://www.ensembl.org/,2018,Dec,8
243,T034282_2.00,F082_2.00,TS12_2.00,M07792_2.00,MS18_2.00,ENSG00000125952,MAX,Homo_sapiens,D,bHLH,HLH,1,0.837833807768996,H1-hESC_MAX_UCD,ChIP-seq,ENCODE,ChIP-seq,Gerstein,2012,22955619,January 2011,SimilarityRegression,False,Ensembl,http://www.ensembl.org/,2018,Dec,8
244,T034282_2.00,F082_2.00,TS12_2.00,M07793_2.00,MS18_2.00,ENSG00000125952,MAX,Homo_sapiens,D,bHLH,HLH,1,0.837833807768996,HeLa-S3_MAX_Stanford,ChIP-seq,ENCODE,ChIP-seq,Gerstein,2012,22955619,January 2011,SimilarityRegression,False,Ensembl,http://www.ensembl.org/,2018,Dec,8
245,T034282_2.00,F082_2.00,TS12_2.00,M07794_2.00,MS18_2.00,ENSG00000125952,MAX,Homo_sapiens,D,bHLH,HLH,1,0.837833807768996,HUVEC_MAX_Stanford,ChIP-seq,ENCODE,ChIP-seq,Gerstein,2012,22955619,January 2011,SimilarityRegression,False,Ensembl,http://www.ensembl.org/,2018,Dec,8
246,T034282_2.00,F082_2.00,TS12_2.00,M07795_2.00,MS18_2.00,ENSG00000125952,MAX,Homo_sapiens,D,bHLH,HLH,1,0.837833807768996,K562_MAX_HudsonAlpha,ChIP-seq,ENCODE,ChIP-seq,Gerstein,2012,22955619,January 2011,SimilarityRegression,False,Ensembl,http://www.ensembl.org/,2018,Dec,8
247,T034282_2.00,F082_2.00,TS12_2.00,M07796_2.00,MS18_2.00,ENSG00000125952,MAX,Homo_sapiens,D,bHLH,HLH,1,0.837833807768996,K562_MAX_Stanford,ChIP-seq,ENCODE,ChIP-seq,Gerstein,2012,22955619,January 2011,SimilarityRegression,False,Ensembl,http://www.ensembl.org/,2018,Dec,8
248,T034282_2.00,F082_2.00,TS12_2.00,M07797_2.00,MS18_2.00,ENSG00000125952,MAX,Homo_sapiens,D,bHLH,HLH,1,0.837833807768996,NB4_MAX_Stanford,ChIP-seq,ENCODE,ChIP-seq,Gerstein,2012,22955619,January 2011,SimilarityRegression,False,Ensembl,http://www.ensembl.org/,2018,Dec,8
249,T034282_2.00,F082_2.00,TS12_2.00,M08723_2.00,MS27_2.00,ENSG00000125952,MAX,Homo_sapiens,D,bHLH,HLH,1,0.837833807768996,MAX_HUMAN.H11MO.0.A,Misc,HocoMoco,Misc,Kulakovskiy,2013,23175603,July 2014,SimilarityRegression,False,Ensembl,http://www.ensembl.org/,2018,Dec,8
250,T034282_2.00,F082_2.00,TS12_2.00,M09835_2.00,MS59_2.00,ENSG00000125952,MAX,Homo_sapiens,D,bHLH,HLH,1,0.837833807768996,V$MAX_01,Transfac,Transfac,Transfac,Matys,2006,16381825,7.0,SimilarityRegression,False,Ensembl,http://www.ensembl.org/,2018,Dec,8
251,T034282_2.00,F082_2.00,TS12_2.00,M09836_2.00,MS59_2.00,ENSG00000125952,MAX,Homo_sapiens,D,bHLH,HLH,1,0.837833807768996,V$MAX_11,Transfac,Transfac,Transfac,Matys,2006,16381825,7.0,SimilarityRegression,False,Ensembl,http://www.ensembl.org/,2018,Dec,8
252,T034282_2.00,F082_2.00,TS12_2.00,M09837_2.00,MS59_2.00,ENSG00000125952,MAX,Homo_sapiens,D,bHLH,HLH,1,0.837833807768996,V$MAX_Q6,Transfac,Transfac,Transfac,Matys,2006,16381825,7.0,SimilarityRegression,False,Ensembl,http://www.ensembl.org/,2018,Dec,8
253,T034283_2.00,F082_2.00,TS12_2.00,M04116_2.00,MS62_2.00,ENSG00000129152,MYOD1,Homo_sapiens,D,bHLH,HLH,1,0.837833807768996,MYOD1_eDBD_HT-SELEX_1,SELEX,Yin2017,SELEX,Yin,2017,28473536,April 2017,SimilarityRegression,False,Ensembl,http://www.ensembl.org/,2018,Dec,8
254,T034283_2.00,F082_2.00,TS12_2.00,M04117_2.00,MS62_2.00,ENSG00000129152,MYOD1,Homo_sapiens,D,bHLH,HLH,1,0.837833807768996,MYOD1_eDBD_HT-SELEX_2,SELEX,Yin2017,SELEX,Yin,2017,28473536,April 2017,SimilarityRegression,False,Ensembl,http://www.ensembl.org/,2018,Dec,8
255,T034283_2.00,F082_2.00,TS12_2.00,M04118_2.00,MS62_2.00,ENSG00000129152,MYOD1,Homo_sapiens,D,bHLH,HLH,1,0.837833807768996,MYOD1_eDBD_Methyl-HT-SELEX_1,SELEX,Yin2017,SELEX,Yin,2017,28473536,April 2017,SimilarityRegression,False,Ensembl,http://www.ensembl.org/,2018,Dec,8
256,T034283_2.00,F082_2.00,TS12_2.00,M04119_2.00,MS62_2.00,ENSG00000129152,MYOD1,Homo_sapiens,D,bHLH,HLH,1,0.837833807768996,MYOD1_eDBD_Methyl-HT-SELEX_2,SELEX,Yin2017,SELEX,Yin,2017,28473536,April 2017,SimilarityRegression,False,Ensembl,http://www.ensembl.org/,2018,Dec,8
257,T034283_2.00,F082_2.00,TS12_2.00,M04120_2.00,MS62_2.00,ENSG00000129152,MYOD1,Homo_sapiens,D,bHLH,HLH,1,0.837833807768996,MYOD1_FL_HT-SELEX_1,SELEX,Yin2017,SELEX,Yin,2017,28473536,April 2017,SimilarityRegression,False,Ensembl,http://www.ensembl.org/,2018,Dec,8
258,T034283_2.00,F082_2.00,TS12_2.00,M04121_2.00,MS62_2.00,ENSG00000129152,MYOD1,Homo_sapiens,D,bHLH,HLH,1,0.837833807768996,MYOD1_FL_HT-SELEX_2,SELEX,Yin2017,SELEX,Yin,2017,28473536,April 2017,SimilarityRegression,False,Ensembl,http://www.ensembl.org/,2018,Dec,8
259,T034283_2.00,F082_2.00,TS12_2.00,M04122_2.00,MS62_2.00,ENSG00000129152,MYOD1,Homo_sapiens,D,bHLH,HLH,1,0.837833807768996,MYOD1_FL_Methyl-HT-SELEX_1,SELEX,Yin2017,SELEX,Yin,2017,28473536,April 2017,SimilarityRegression,False,Ensembl,http://www.ensembl.org/,2018,Dec,8
260,T034283_2.00,F082_2.00,TS12_2.00,M04123_2.00,MS62_2.00,ENSG00000129152,MYOD1,Homo_sapiens,D,bHLH,HLH,1,0.837833807768996,MYOD1_FL_Methyl-HT-SELEX_2,SELEX,Yin2017,SELEX,Yin,2017,28473536,April 2017,SimilarityRegression,False,Ensembl,http://www.ensembl.org/,2018,Dec,8
261,T034283_2.00,F082_2.00,TS12_2.00,M08724_2.00,MS27_2.00,ENSG00000129152,MYOD1,Homo_sapiens,D,bHLH,HLH,1,0.837833807768996,MYOD1_HUMAN.H11MO.0.A,Misc,HocoMoco,Misc,Kulakovskiy,2013,23175603,July 2014,SimilarityRegression,False,Ensembl,http://www.ensembl.org/,2018,Dec,8
262,T034283_2.00,F082_2.00,TS12_2.00,M09838_2.00,MS59_2.00,ENSG00000129152,MYOD1,Homo_sapiens,D,bHLH,HLH,1,0.837833807768996,V$MYOD_01,Transfac,Transfac,Transfac,Matys,2006,16381825,7.0,SimilarityRegression,False,Ensembl,http://www.ensembl.org/,2018,Dec,8
263,T034283_2.00,F082_2.00,TS12_2.00,M09839_2.00,MS59_2.00,ENSG00000129152,MYOD1,Homo_sapiens,D,bHLH,HLH,1,0.837833807768996,V$MYOD_Q6_02,Transfac,Transfac,Transfac,Matys,2006,16381825,7.0,SimilarityRegression,False,Ensembl,http://www.ensembl.org/,2018,Dec,8
264,T034283_2.00,F082_2.00,TS12_2.00,M09840_2.00,MS59_2.00,ENSG00000129152,MYOD1,Homo_sapiens,D,bHLH,HLH,1,0.837833807768996,V$MYOD_Q6,Transfac,Transfac,Transfac,Matys,2006,16381825,7.0,SimilarityRegression,False,Ensembl,http://www.ensembl.org/,2018,Dec,8
265,T034284_2.00,F082_2.00,TS12_2.00,.,.,ENSG00000130751,NPAS1,Homo_sapiens,N,bHLH,HLH,1,0.837833807768996,.,.,.,.,.,.,.,.,SimilarityRegression,False,Ensembl,http://www.ensembl.org/,2018,Dec,8
266,T034285_2.00,F082_2.00,TS12_2.00,M02787_2.00,MS33_2.00,ENSG00000133794,ARNTL,Homo_sapiens,D,bHLH,HLH,1,0.837833807768996,ARNTL_1,SELEX,Jolma2013,SELEX,Jolma,2013,23332764,January 2013,SimilarityRegression,False,Ensembl,http://www.ensembl.org/,2018,Dec,8
267,T034285_2.00,F082_2.00,TS12_2.00,M04124_2.00,MS62_2.00,ENSG00000133794,ARNTL,Homo_sapiens,D,bHLH,HLH,1,0.837833807768996,ARNTL_eDBD_HT-SELEX,SELEX,Yin2017,SELEX,Yin,2017,28473536,April 2017,SimilarityRegression,False,Ensembl,http://www.ensembl.org/,2018,Dec,8
268,T034285_2.00,F082_2.00,TS12_2.00,M04125_2.00,MS62_2.00,ENSG00000133794,ARNTL,Homo_sapiens,D,bHLH,HLH,1,0.837833807768996,ARNTL_eDBD_Methyl-HT-SELEX,SELEX,Yin2017,SELEX,Yin,2017,28473536,April 2017,SimilarityRegression,False,Ensembl,http://www.ensembl.org/,2018,Dec,8
269,T034285_2.00,F082_2.00,TS12_2.00,M08725_2.00,MS27_2.00,ENSG00000133794,ARNTL,Homo_sapiens,D,bHLH,HLH,1,0.837833807768996,BMAL1_HUMAN.H11MO.0.A,Misc,HocoMoco,Misc,Kulakovskiy,2013,23175603,July 2014,SimilarityRegression,False,Ensembl,http://www.ensembl.org/,2018,Dec,8
270,T034285_2.00,F082_2.00,TS12_2.00,M09841_2.00,MS59_2.00,ENSG00000133794,ARNTL,Homo_sapiens,D,bHLH,HLH,1,0.837833807768996,V$BMAL1_Q6,Transfac,Transfac,Transfac,Matys,2006,16381825,7.0,SimilarityRegression,False,Ensembl,http://www.ensembl.org/,2018,Dec,8
271,T034286_2.00,F082_2.00,TS12_2.00,M02788_2.00,MS33_2.00,ENSG00000134107,BHLHE40,Homo_sapiens,D,bHLH,HLH,1,0.837833807768996,BHLHB2_1,SELEX,Jolma2013,SELEX,Jolma,2013,23332764,January 2013,SimilarityRegression,False,Ensembl,http://www.ensembl.org/,2018,Dec,8
272,T034286_2.00,F082_2.00,TS12_2.00,M04126_2.00,MS62_2.00,ENSG00000134107,BHLHE40,Homo_sapiens,D,bHLH,HLH,1,0.837833807768996,BHLHE40_eDBD_HT-SELEX,SELEX,Yin2017,SELEX,Yin,2017,28473536,April 2017,SimilarityRegression,False,Ensembl,http://www.ensembl.org/,2018,Dec,8
273,T034286_2.00,F082_2.00,TS12_2.00,M04127_2.00,MS62_2.00,ENSG00000134107,BHLHE40,Homo_sapiens,D,bHLH,HLH,1,0.837833807768996,BHLHE40_eDBD_Methyl-HT-SELEX,SELEX,Yin2017,SELEX,Yin,2017,28473536,April 2017,SimilarityRegression,False,Ensembl,http://www.ensembl.org/,2018,Dec,8
274,T034286_2.00,F082_2.00,TS12_2.00,M07798_2.00,MS18_2.00,ENSG00000134107,BHLHE40,Homo_sapiens,D,bHLH,HLH,1,0.837833807768996,HepG2_BHLHE40_HudsonAlpha,ChIP-seq,ENCODE,ChIP-seq,Gerstein,2012,22955619,January 2011,SimilarityRegression,False,Ensembl,http://www.ensembl.org/,2018,Dec,8
275,T034286_2.00,F082_2.00,TS12_2.00,M08726_2.00,MS27_2.00,ENSG00000134107,BHLHE40,Homo_sapiens,D,bHLH,HLH,1,0.837833807768996,BHE40_HUMAN.H11MO.0.A,Misc,HocoMoco,Misc,Kulakovskiy,2013,23175603,July 2014,SimilarityRegression,False,Ensembl,http://www.ensembl.org/,2018,Dec,8
276,T034286_2.00,F082_2.00,TS12_2.00,M09456_2.00,MS28_2.00,ENSG00000134107,BHLHE40,Homo_sapiens,D,bHLH,HLH,1,0.837833807768996,HepG2-BHLHE40_GSE31477,Misc,HOMER,Misc,Heinz,2010,20513432,January 2016,SimilarityRegression,False,Ensembl,http://www.ensembl.org/,2018,Dec,8
277,T034286_2.00,F082_2.00,TS12_2.00,M09842_2.00,MS59_2.00,ENSG00000134107,BHLHE40,Homo_sapiens,D,bHLH,HLH,1,0.837833807768996,V$BHLHE40_03,Transfac,Transfac,Transfac,Matys,2006,16381825,7.0,SimilarityRegression,False,Ensembl,http://www.ensembl.org/,2018,Dec,8
278,T034286_2.00,F082_2.00,TS12_2.00,M09843_2.00,MS59_2.00,ENSG00000134107,BHLHE40,Homo_sapiens,D,bHLH,HLH,1,0.837833807768996,V$DEC1_Q2,Transfac,Transfac,Transfac,Matys,2006,16381825,7.0,SimilarityRegression,False,Ensembl,http://www.ensembl.org/,2018,Dec,8
279,T034286_2.00,F082_2.00,TS12_2.00,M09844_2.00,MS59_2.00,ENSG00000134107,BHLHE40,Homo_sapiens,D,bHLH,HLH,1,0.837833807768996,V$DEC1_Q3,Transfac,Transfac,Transfac,Matys,2006,16381825,7.0,SimilarityRegression,False,Ensembl,http://www.ensembl.org/,2018,Dec,8
280,T034286_2.00,F082_2.00,TS12_2.00,M09845_2.00,MS59_2.00,ENSG00000134107,BHLHE40,Homo_sapiens,D,bHLH,HLH,1,0.837833807768996,V$STRA13_01,Transfac,Transfac,Transfac,Matys,2006,16381825,7.0,SimilarityRegression,False,Ensembl,http://www.ensembl.org/,2018,Dec,8
281,T034287_2.00,F082_2.00,TS12_2.00,M04128_2.00,MS62_2.00,ENSG00000134323,MYCN,Homo_sapiens,D,bHLH,HLH,1,0.837833807768996,MYCN_eDBD_HT-SELEX,SELEX,Yin2017,SELEX,Yin,2017,28473536,April 2017,SimilarityRegression,False,Ensembl,http://www.ensembl.org/,2018,Dec,8
282,T034287_2.00,F082_2.00,TS12_2.00,M08053_2.00,MS31_2.00,ENSG00000134323,MYCN,Homo_sapiens,D,bHLH,HLH,1,0.837833807768996,MA0104.4,ChIP-seq,JASPAR,JASPAR,Mathelier,2014,24194598,August 2014,SimilarityRegression,False,Ensembl,http://www.ensembl.org/,2018,Dec,8
283,T034287_2.00,F082_2.00,TS12_2.00,M08727_2.00,MS27_2.00,ENSG00000134323,MYCN,Homo_sapiens,D,bHLH,HLH,1,0.837833807768996,MYCN_HUMAN.H11MO.0.A,Misc,HocoMoco,Misc,Kulakovskiy,2013,23175603,July 2014,SimilarityRegression,False,Ensembl,http://www.ensembl.org/,2018,Dec,8
284,T034287_2.00,F082_2.00,TS12_2.00,M09846_2.00,MS59_2.00,ENSG00000134323,MYCN,Homo_sapiens,D,bHLH,HLH,1,0.837833807768996,V$NMYC_01,Transfac,Transfac,Transfac,Matys,2006,16381825,7.0,SimilarityRegression,False,Ensembl,http://www.ensembl.org/,2018,Dec,8
285,T034287_2.00,F082_2.00,TS12_2.00,M09847_2.00,MS59_2.00,ENSG00000134323,MYCN,Homo_sapiens,D,bHLH,HLH,1,0.837833807768996,V$NMYC_02,Transfac,Transfac,Transfac,Matys,2006,16381825,7.0,SimilarityRegression,False,Ensembl,http://www.ensembl.org/,2018,Dec,8
286,T034287_2.00,F082_2.00,TS12_2.00,M09848_2.00,MS59_2.00,ENSG00000134323,MYCN,Homo_sapiens,D,bHLH,HLH,1,0.837833807768996,V$NMYC_Q3,Transfac,Transfac,Transfac,Matys,2006,16381825,7.0,SimilarityRegression,False,Ensembl,http://www.ensembl.org/,2018,Dec,8
287,T034288_2.00,F082_2.00,TS12_2.00,M02789_2.00,MS33_2.00,ENSG00000134852,CLOCK,Homo_sapiens,D,bHLH,HLH,1,0.837833807768996,CLOCK_1,SELEX,Jolma2013,SELEX,Jolma,2013,23332764,January 2013,SimilarityRegression,False,Ensembl,http://www.ensembl.org/,2018,Dec,8
288,T034288_2.00,F082_2.00,TS12_2.00,M04129_2.00,MS62_2.00,ENSG00000134852,CLOCK,Homo_sapiens,D,bHLH,HLH,1,0.837833807768996,CLOCK_eDBD_HT-SELEX,SELEX,Yin2017,SELEX,Yin,2017,28473536,April 2017,SimilarityRegression,False,Ensembl,http://www.ensembl.org/,2018,Dec,8
289,T034288_2.00,F082_2.00,TS12_2.00,M04130_2.00,MS62_2.00,ENSG00000134852,CLOCK,Homo_sapiens,D,bHLH,HLH,1,0.837833807768996,CLOCK_eDBD_Methyl-HT-SELEX,SELEX,Yin2017,SELEX,Yin,2017,28473536,April 2017,SimilarityRegression,False,Ensembl,http://www.ensembl.org/,2018,Dec,8
290,T034288_2.00,F082_2.00,TS12_2.00,M08728_2.00,MS27_2.00,ENSG00000134852,CLOCK,Homo_sapiens,D,bHLH,HLH,1,0.837833807768996,CLOCK_HUMAN.H11MO.0.C,Misc,HocoMoco,Misc,Kulakovskiy,2013,23175603,July 2014,SimilarityRegression,False,Ensembl,http://www.ensembl.org/,2018,Dec,8
291,T034288_2.00,F082_2.00,TS12_2.00,M09849_2.00,MS59_2.00,ENSG00000134852,CLOCK,Homo_sapiens,D,bHLH,HLH,1,0.837833807768996,V$CLOCK_Q6,Transfac,Transfac,Transfac,Matys,2006,16381825,7.0,SimilarityRegression,False,Ensembl,http://www.ensembl.org/,2018,Dec,8
292,T034289_2.00,F082_2.00,TS12_2.00,M02790_2.00,MS33_2.00,ENSG00000135547,HEY2,Homo_sapiens,D,bHLH,HLH,1,0.837833807768996,HEY2_1,SELEX,Jolma2013,SELEX,Jolma,2013,23332764,January 2013,SimilarityRegression,False,Ensembl,http://www.ensembl.org/,2018,Dec,8
293,T034289_2.00,F082_2.00,TS12_2.00,M02791_2.00,MS33_2.00,ENSG00000135547,HEY2,Homo_sapiens,D,bHLH,HLH,1,0.837833807768996,HEY2_2,SELEX,Jolma2013,SELEX,Jolma,2013,23332764,January 2013,SimilarityRegression,False,Ensembl,http://www.ensembl.org/,2018,Dec,8
294,T034289_2.00,F082_2.00,TS12_2.00,M04131_2.00,MS62_2.00,ENSG00000135547,HEY2,Homo_sapiens,D,bHLH,HLH,1,0.837833807768996,HEY2_eDBD_HT-SELEX,SELEX,Yin2017,SELEX,Yin,2017,28473536,April 2017,SimilarityRegression,False,Ensembl,http://www.ensembl.org/,2018,Dec,8
295,T034289_2.00,F082_2.00,TS12_2.00,M04132_2.00,MS62_2.00,ENSG00000135547,HEY2,Homo_sapiens,D,bHLH,HLH,1,0.837833807768996,HEY2_eDBD_Methyl-HT-SELEX,SELEX,Yin2017,SELEX,Yin,2017,28473536,April 2017,SimilarityRegression,False,Ensembl,http://www.ensembl.org/,2018,Dec,8
296,T034289_2.00,F082_2.00,TS12_2.00,M04133_2.00,MS62_2.00,ENSG00000135547,HEY2,Homo_sapiens,D,bHLH,HLH,1,0.837833807768996,HEY2_FL_HT-SELEX,SELEX,Yin2017,SELEX,Yin,2017,28473536,April 2017,SimilarityRegression,False,Ensembl,http://www.ensembl.org/,2018,Dec,8
297,T034289_2.00,F082_2.00,TS12_2.00,M04134_2.00,MS62_2.00,ENSG00000135547,HEY2,Homo_sapiens,D,bHLH,HLH,1,0.837833807768996,HEY2_FL_Methyl-HT-SELEX,SELEX,Yin2017,SELEX,Yin,2017,28473536,April 2017,SimilarityRegression,False,Ensembl,http://www.ensembl.org/,2018,Dec,8
298,T034290_2.00,F082_2.00,TS12_2.00,M07799_2.00,MS18_2.00,ENSG00000136997,MYC,Homo_sapiens,D,bHLH,HLH,1,0.837833807768996,HeLa-S3_CMYC_Stanford,ChIP-seq,ENCODE,ChIP-seq,Gerstein,2012,22955619,January 2011,SimilarityRegression,False,Ensembl,http://www.ensembl.org/,2018,Dec,8
299,T034290_2.00,F082_2.00,TS12_2.00,M07800_2.00,MS18_2.00,ENSG00000136997,MYC,Homo_sapiens,D,bHLH,HLH,1,0.837833807768996,HepG2_CMYC_UT-A,ChIP-seq,ENCODE,ChIP-seq,Gerstein,2012,22955619,January 2011,SimilarityRegression,False,Ensembl,http://www.ensembl.org/,2018,Dec,8
300,T034290_2.00,F082_2.00,TS12_2.00,M07801_2.00,MS18_2.00,ENSG00000136997,MYC,Homo_sapiens,D,bHLH,HLH,1,0.837833807768996,K562_CMYC_Stanford,ChIP-seq,ENCODE,ChIP-seq,Gerstein,2012,22955619,January 2011,SimilarityRegression,False,Ensembl,http://www.ensembl.org/,2018,Dec,8
301,T034290_2.00,F082_2.00,TS12_2.00,M07802_2.00,MS18_2.00,ENSG00000136997,MYC,Homo_sapiens,D,bHLH,HLH,1,0.837833807768996,K562_CMYC_UT-A,ChIP-seq,ENCODE,ChIP-seq,Gerstein,2012,22955619,January 2011,SimilarityRegression,False,Ensembl,http://www.ensembl.org/,2018,Dec,8
302,T034290_2.00,F082_2.00,TS12_2.00,M07803_2.00,MS18_2.00,ENSG00000136997,MYC,Homo_sapiens,D,bHLH,HLH,1,0.837833807768996,MCF-7_CMYC_UT-A,ChIP-seq,ENCODE,ChIP-seq,Gerstein,2012,22955619,January 2011,SimilarityRegression,False,Ensembl,http://www.ensembl.org/,2018,Dec,8
303,T034290_2.00,F082_2.00,TS12_2.00,M07804_2.00,MS18_2.00,ENSG00000136997,MYC,Homo_sapiens,D,bHLH,HLH,1,0.837833807768996,NB4_CMYC_Stanford,ChIP-seq,ENCODE,ChIP-seq,Gerstein,2012,22955619,January 2011,SimilarityRegression,False,Ensembl,http://www.ensembl.org/,2018,Dec,8
304,T034290_2.00,F082_2.00,TS12_2.00,M08054_2.00,MS31_2.00,ENSG00000136997,MYC,Homo_sapiens,D,bHLH,HLH,1,0.837833807768996,MA0147.3,ChIP-seq,JASPAR,JASPAR,Mathelier,2014,24194598,August 2014,SimilarityRegression,False,Ensembl,http://www.ensembl.org/,2018,Dec,8
305,T034290_2.00,F082_2.00,TS12_2.00,M08729_2.00,MS27_2.00,ENSG00000136997,MYC,Homo_sapiens,D,bHLH,HLH,1,0.837833807768996,MYC_HUMAN.H11MO.0.A,Misc,HocoMoco,Misc,Kulakovskiy,2013,23175603,July 2014,SimilarityRegression,False,Ensembl,http://www.ensembl.org/,2018,Dec,8
306,T034290_2.00,F082_2.00,TS12_2.00,M09457_2.00,MS28_2.00,ENSG00000136997,MYC,Homo_sapiens,D,bHLH,HLH,1,0.837833807768996,LNCAP-cMyc_Unpublished,Misc,HOMER,Misc,Heinz,2010,20513432,January 2016,SimilarityRegression,False,Ensembl,http://www.ensembl.org/,2018,Dec,8
307,T034290_2.00,F082_2.00,TS12_2.00,M09850_2.00,MS59_2.00,ENSG00000136997,MYC,Homo_sapiens,D,bHLH,HLH,1,0.837833807768996,V$CMYC_01,Transfac,Transfac,Transfac,Matys,2006,16381825,7.0,SimilarityRegression,False,Ensembl,http://www.ensembl.org/,2018,Dec,8
308,T034290_2.00,F082_2.00,TS12_2.00,M09851_2.00,MS59_2.00,ENSG00000136997,MYC,Homo_sapiens,D,bHLH,HLH,1,0.837833807768996,V$CMYC_02,Transfac,Transfac,Transfac,Matys,2006,16381825,7.0,SimilarityRegression,False,Ensembl,http://www.ensembl.org/,2018,Dec,8
309,T034290_2.00,F082_2.00,TS12_2.00,M09852_2.00,MS59_2.00,ENSG00000136997,MYC,Homo_sapiens,D,bHLH,HLH,1,0.837833807768996,V$CMYC_Q3,Transfac,Transfac,Transfac,Matys,2006,16381825,7.0,SimilarityRegression,False,Ensembl,http://www.ensembl.org/,2018,Dec,8
310,T034290_2.00,F082_2.00,TS12_2.00,M09853_2.00,MS59_2.00,ENSG00000136997,MYC,Homo_sapiens,D,bHLH,HLH,1,0.837833807768996,V$CMYC_Q6_01,Transfac,Transfac,Transfac,Matys,2006,16381825,7.0,SimilarityRegression,False,Ensembl,http://www.ensembl.org/,2018,Dec,8
311,T034290_2.00,F082_2.00,TS12_2.00,M09854_2.00,MS59_2.00,ENSG00000136997,MYC,Homo_sapiens,D,bHLH,HLH,1,0.837833807768996,V$MYC_02,Transfac,Transfac,Transfac,Matys,2006,16381825,7.0,SimilarityRegression,False,Ensembl,http://www.ensembl.org/,2018,Dec,8
312,T034291_2.00,F082_2.00,TS12_2.00,M04135_2.00,MS62_2.00,ENSG00000139352,ASCL1,Homo_sapiens,D,bHLH,HLH,1,0.837833807768996,ASCL1_eDBD_HT-SELEX,SELEX,Yin2017,SELEX,Yin,2017,28473536,April 2017,SimilarityRegression,False,Ensembl,http://www.ensembl.org/,2018,Dec,8
313,T034291_2.00,F082_2.00,TS12_2.00,M04136_2.00,MS62_2.00,ENSG00000139352,ASCL1,Homo_sapiens,D,bHLH,HLH,1,0.837833807768996,ASCL1_eDBD_Methyl-HT-SELEX,SELEX,Yin2017,SELEX,Yin,2017,28473536,April 2017,SimilarityRegression,False,Ensembl,http://www.ensembl.org/,2018,Dec,8
314,T034291_2.00,F082_2.00,TS12_2.00,M08055_2.00,MS31_2.00,ENSG00000139352,ASCL1,Homo_sapiens,D,bHLH,HLH,1,0.837833807768996,MA1100.1,ChIP-seq,JASPAR,JASPAR,Mathelier,2014,24194598,August 2014,SimilarityRegression,False,Ensembl,http://www.ensembl.org/,2018,Dec,8
315,T034291_2.00,F082_2.00,TS12_2.00,M08730_2.00,MS27_2.00,ENSG00000139352,ASCL1,Homo_sapiens,D,bHLH,HLH,1,0.837833807768996,ASCL1_HUMAN.H11MO.0.A,Misc,HocoMoco,Misc,Kulakovskiy,2013,23175603,July 2014,SimilarityRegression,False,Ensembl,http://www.ensembl.org/,2018,Dec,8
316,T034291_2.00,F082_2.00,TS12_2.00,M09855_2.00,MS59_2.00,ENSG00000139352,ASCL1,Homo_sapiens,D,bHLH,HLH,1,0.837833807768996,V$MASH1_Q6_01,Transfac,Transfac,Transfac,Matys,2006,16381825,7.0,SimilarityRegression,False,Ensembl,http://www.ensembl.org/,2018,Dec,8
317,T034291_2.00,F082_2.00,TS12_2.00,M09856_2.00,MS59_2.00,ENSG00000139352,ASCL1,Homo_sapiens,D,bHLH,HLH,1,0.837833807768996,V$MASH1_Q6_02,Transfac,Transfac,Transfac,Matys,2006,16381825,7.0,SimilarityRegression,False,Ensembl,http://www.ensembl.org/,2018,Dec,8
318,T034291_2.00,F082_2.00,TS12_2.00,M09857_2.00,MS59_2.00,ENSG00000139352,ASCL1,Homo_sapiens,D,bHLH,HLH,1,0.837833807768996,V$MASH1_Q6,Transfac,Transfac,Transfac,Matys,2006,16381825,7.0,SimilarityRegression,False,Ensembl,http://www.ensembl.org/,2018,Dec,8
319,T034292_2.00,F082_2.00,TS12_2.00,M04137_2.00,MS62_2.00,ENSG00000140262,TCF12,Homo_sapiens,D,bHLH,HLH,1,0.837833807768996,TCF12_eDBD_HT-SELEX,SELEX,Yin2017,SELEX,Yin,2017,28473536,April 2017,SimilarityRegression,False,Ensembl,http://www.ensembl.org/,2018,Dec,8
320,T034292_2.00,F082_2.00,TS12_2.00,M04138_2.00,MS62_2.00,ENSG00000140262,TCF12,Homo_sapiens,D,bHLH,HLH,1,0.837833807768996,TCF12_eDBD_Methyl-HT-SELEX,SELEX,Yin2017,SELEX,Yin,2017,28473536,April 2017,SimilarityRegression,False,Ensembl,http://www.ensembl.org/,2018,Dec,8
321,T034292_2.00,F082_2.00,TS12_2.00,M07805_2.00,MS18_2.00,ENSG00000140262,TCF12,Homo_sapiens,D,bHLH,HLH,1,0.837833807768996,GM12878_TCF12_HudsonAlpha,ChIP-seq,ENCODE,ChIP-seq,Gerstein,2012,22955619,January 2011,SimilarityRegression,False,Ensembl,http://www.ensembl.org/,2018,Dec,8
322,T034292_2.00,F082_2.00,TS12_2.00,M07806_2.00,MS18_2.00,ENSG00000140262,TCF12,Homo_sapiens,D,bHLH,HLH,1,0.837833807768996,H1-hESC_TCF12_HudsonAlpha,ChIP-seq,ENCODE,ChIP-seq,Gerstein,2012,22955619,January 2011,SimilarityRegression,False,Ensembl,http://www.ensembl.org/,2018,Dec,8
323,T034292_2.00,F082_2.00,TS12_2.00,M08731_2.00,MS27_2.00,ENSG00000140262,TCF12,Homo_sapiens,D,bHLH,HLH,1,0.837833807768996,HTF4_HUMAN.H11MO.0.A,Misc,HocoMoco,Misc,Kulakovskiy,2013,23175603,July 2014,SimilarityRegression,False,Ensembl,http://www.ensembl.org/,2018,Dec,8
324,T034292_2.00,F082_2.00,TS12_2.00,M09458_2.00,MS28_2.00,ENSG00000140262,TCF12,Homo_sapiens,D,bHLH,HLH,1,0.837833807768996,GM12878-Tcf12_GSE32465,Misc,HOMER,Misc,Heinz,2010,20513432,January 2016,SimilarityRegression,False,Ensembl,http://www.ensembl.org/,2018,Dec,8
325,T034292_2.00,F082_2.00,TS12_2.00,M09858_2.00,MS59_2.00,ENSG00000140262,TCF12,Homo_sapiens,D,bHLH,HLH,1,0.837833807768996,V$HEB_Q6,Transfac,Transfac,Transfac,Matys,2006,16381825,7.0,SimilarityRegression,False,Ensembl,http://www.ensembl.org/,2018,Dec,8
326,T034292_2.00,F082_2.00,TS12_2.00,M09859_2.00,MS59_2.00,ENSG00000140262,TCF12,Homo_sapiens,D,bHLH,HLH,1,0.837833807768996,V$HTF4_Q2,Transfac,Transfac,Transfac,Matys,2006,16381825,7.0,SimilarityRegression,False,Ensembl,http://www.ensembl.org/,2018,Dec,8
327,T034292_2.00,F082_2.00,TS12_2.00,M09860_2.00,MS59_2.00,ENSG00000140262,TCF12,Homo_sapiens,D,bHLH,HLH,1,0.837833807768996,V$TCF12_01,Transfac,Transfac,Transfac,Matys,2006,16381825,7.0,SimilarityRegression,False,Ensembl,http://www.ensembl.org/,2018,Dec,8
328,T034292_2.00,F082_2.00,TS12_2.00,M09861_2.00,MS59_2.00,ENSG00000140262,TCF12,Homo_sapiens,D,bHLH,HLH,1,0.837833807768996,V$TCF12_03,Transfac,Transfac,Transfac,Matys,2006,16381825,7.0,SimilarityRegression,False,Ensembl,http://www.ensembl.org/,2018,Dec,8
329,T034292_2.00,F082_2.00,TS12_2.00,M09862_2.00,MS59_2.00,ENSG00000140262,TCF12,Homo_sapiens,D,bHLH,HLH,1,0.837833807768996,V$TCF12_05,Transfac,Transfac,Transfac,Matys,2006,16381825,7.0,SimilarityRegression,False,Ensembl,http://www.ensembl.org/,2018,Dec,8
330,T034293_2.00,F082_2.00,TS12_2.00,.,.,ENSG00000140396,NCOA2,Homo_sapiens,N,bHLH,HLH,1,0.837833807768996,.,.,.,.,.,.,.,.,SimilarityRegression,False,Ensembl,http://www.ensembl.org/,2018,Dec,8
331,T034294_2.00,F082_2.00,TS12_2.00,M08732_2.00,MS27_2.00,ENSG00000143437,ARNT,Homo_sapiens,D,bHLH,HLH,1,0.837833807768996,ARNT_HUMAN.H11MO.0.B,Misc,HocoMoco,Misc,Kulakovskiy,2013,23175603,July 2014,SimilarityRegression,False,Ensembl,http://www.ensembl.org/,2018,Dec,8
332,T034294_2.00,F082_2.00,TS12_2.00,M09459_2.00,MS28_2.00,ENSG00000143437,ARNT,Homo_sapiens,D,bHLH,HLH,1,0.837833807768996,T47D-HIF1b_GSE59937,Misc,HOMER,Misc,Heinz,2010,20513432,January 2016,SimilarityRegression,False,Ensembl,http://www.ensembl.org/,2018,Dec,8
333,T034294_2.00,F082_2.00,TS12_2.00,M09863_2.00,MS59_2.00,ENSG00000143437,ARNT,Homo_sapiens,D,bHLH,HLH,1,0.837833807768996,V$ARNT_01,Transfac,Transfac,Transfac,Matys,2006,16381825,7.0,SimilarityRegression,False,Ensembl,http://www.ensembl.org/,2018,Dec,8
334,T034294_2.00,F082_2.00,TS12_2.00,M09864_2.00,MS59_2.00,ENSG00000143437,ARNT,Homo_sapiens,D,bHLH,HLH,1,0.837833807768996,V$ARNT_02,Transfac,Transfac,Transfac,Matys,2006,16381825,7.0,SimilarityRegression,False,Ensembl,http://www.ensembl.org/,2018,Dec,8
335,T034294_2.00,F082_2.00,TS12_2.00,M09865_2.00,MS59_2.00,ENSG00000143437,ARNT,Homo_sapiens,D,bHLH,HLH,1,0.837833807768996,V$ARNT_Q6_01,Transfac,Transfac,Transfac,Matys,2006,16381825,7.0,SimilarityRegression,False,Ensembl,http://www.ensembl.org/,2018,Dec,8
336,T034294_2.00,F082_2.00,TS12_2.00,M09866_2.00,MS59_2.00,ENSG00000143437,ARNT,Homo_sapiens,D,bHLH,HLH,1,0.837833807768996,V$ARNT_Q6,Transfac,Transfac,Transfac,Matys,2006,16381825,7.0,SimilarityRegression,False,Ensembl,http://www.ensembl.org/,2018,Dec,8
337,T034295_2.00,F082_2.00,TS12_2.00,M04139_2.00,MS62_2.00,ENSG00000144485,HES6,Homo_sapiens,D,bHLH,HLH,1,0.837833807768996,HES6_FL_HT-SELEX,SELEX,Yin2017,SELEX,Yin,2017,28473536,April 2017,SimilarityRegression,False,Ensembl,http://www.ensembl.org/,2018,Dec,8
338,T034296_2.00,F082_2.00,TS12_2.00,M04140_2.00,MS62_2.00,ENSG00000146618,FERD3L,Homo_sapiens,D,bHLH,HLH,1,0.837833807768996,FERD3L_FL_HT-SELEX_1,SELEX,Yin2017,SELEX,Yin,2017,28473536,April 2017,SimilarityRegression,False,Ensembl,http://www.ensembl.org/,2018,Dec,8
339,T034296_2.00,F082_2.00,TS12_2.00,M04141_2.00,MS62_2.00,ENSG00000146618,FERD3L,Homo_sapiens,D,bHLH,HLH,1,0.837833807768996,FERD3L_FL_HT-SELEX_2,SELEX,Yin2017,SELEX,Yin,2017,28473536,April 2017,SimilarityRegression,False,Ensembl,http://www.ensembl.org/,2018,Dec,8
340,T034296_2.00,F082_2.00,TS12_2.00,M04142_2.00,MS62_2.00,ENSG00000146618,FERD3L,Homo_sapiens,D,bHLH,HLH,1,0.837833807768996,FERD3L_FL_Methyl-HT-SELEX_1,SELEX,Yin2017,SELEX,Yin,2017,28473536,April 2017,SimilarityRegression,False,Ensembl,http://www.ensembl.org/,2018,Dec,8
341,T034296_2.00,F082_2.00,TS12_2.00,M04143_2.00,MS62_2.00,ENSG00000146618,FERD3L,Homo_sapiens,D,bHLH,HLH,1,0.837833807768996,FERD3L_FL_Methyl-HT-SELEX_2,SELEX,Yin2017,SELEX,Yin,2017,28473536,April 2017,SimilarityRegression,False,Ensembl,http://www.ensembl.org/,2018,Dec,8
342,T034297_2.00,F082_2.00,TS12_2.00,.,.,ENSG00000151322,NPAS3,Homo_sapiens,N,bHLH,HLH,1,0.837833807768996,.,.,.,.,.,.,.,.,SimilarityRegression,False,Ensembl,http://www.ensembl.org/,2018,Dec,8
343,T034298_2.00,F082_2.00,TS12_2.00,M04144_2.00,MS62_2.00,ENSG00000151379,MSGN1,Homo_sapiens,D,bHLH,HLH,1,0.837833807768996,MSGN1_eDBD_HT-SELEX,SELEX,Yin2017,SELEX,Yin,2017,28473536,April 2017,SimilarityRegression,False,Ensembl,http://www.ensembl.org/,2018,Dec,8
344,T034298_2.00,F082_2.00,TS12_2.00,M04145_2.00,MS62_2.00,ENSG00000151379,MSGN1,Homo_sapiens,D,bHLH,HLH,1,0.837833807768996,MSGN1_eDBD_Methyl-HT-SELEX,SELEX,Yin2017,SELEX,Yin,2017,28473536,April 2017,SimilarityRegression,False,Ensembl,http://www.ensembl.org/,2018,Dec,8
345,T034299_2.00,F082_2.00,TS12_2.00,M02792_2.00,MS33_2.00,ENSG00000158773,USF1,Homo_sapiens,D,bHLH,HLH,1,0.837833807768996,USF1_1,SELEX,Jolma2013,SELEX,Jolma,2013,23332764,January 2013,SimilarityRegression,False,Ensembl,http://www.ensembl.org/,2018,Dec,8
346,T034299_2.00,F082_2.00,TS12_2.00,M04146_2.00,MS62_2.00,ENSG00000158773,USF1,Homo_sapiens,D,bHLH,HLH,1,0.837833807768996,USF1_FL_HT-SELEX,SELEX,Yin2017,SELEX,Yin,2017,28473536,April 2017,SimilarityRegression,False,Ensembl,http://www.ensembl.org/,2018,Dec,8
347,T034299_2.00,F082_2.00,TS12_2.00,M04147_2.00,MS62_2.00,ENSG00000158773,USF1,Homo_sapiens,D,bHLH,HLH,1,0.837833807768996,USF1_FL_Methyl-HT-SELEX,SELEX,Yin2017,SELEX,Yin,2017,28473536,April 2017,SimilarityRegression,False,Ensembl,http://www.ensembl.org/,2018,Dec,8
348,T034299_2.00,F082_2.00,TS12_2.00,M07807_2.00,MS18_2.00,ENSG00000158773,USF1,Homo_sapiens,D,bHLH,HLH,1,0.837833807768996,A549_USF1_HudsonAlpha,ChIP-seq,ENCODE,ChIP-seq,Gerstein,2012,22955619,January 2011,SimilarityRegression,False,Ensembl,http://www.ensembl.org/,2018,Dec,8
349,T034299_2.00,F082_2.00,TS12_2.00,M07808_2.00,MS18_2.00,ENSG00000158773,USF1,Homo_sapiens,D,bHLH,HLH,1,0.837833807768996,GM12878_USF1_HudsonAlpha,ChIP-seq,ENCODE,ChIP-seq,Gerstein,2012,22955619,January 2011,SimilarityRegression,False,Ensembl,http://www.ensembl.org/,2018,Dec,8
350,T034299_2.00,F082_2.00,TS12_2.00,M07809_2.00,MS18_2.00,ENSG00000158773,USF1,Homo_sapiens,D,bHLH,HLH,1,0.837833807768996,H1-hESC_USF1_HudsonAlpha,ChIP-seq,ENCODE,ChIP-seq,Gerstein,2012,22955619,January 2011,SimilarityRegression,False,Ensembl,http://www.ensembl.org/,2018,Dec,8
351,T034299_2.00,F082_2.00,TS12_2.00,M07810_2.00,MS18_2.00,ENSG00000158773,USF1,Homo_sapiens,D,bHLH,HLH,1,0.837833807768996,HepG2_USF1_HudsonAlpha,ChIP-seq,ENCODE,ChIP-seq,Gerstein,2012,22955619,January 2011,SimilarityRegression,False,Ensembl,http://www.ensembl.org/,2018,Dec,8
352,T034299_2.00,F082_2.00,TS12_2.00,M07811_2.00,MS18_2.00,ENSG00000158773,USF1,Homo_sapiens,D,bHLH,HLH,1,0.837833807768996,K562_USF1_HudsonAlpha,ChIP-seq,ENCODE,ChIP-seq,Gerstein,2012,22955619,January 2011,SimilarityRegression,False,Ensembl,http://www.ensembl.org/,2018,Dec,8
353,T034299_2.00,F082_2.00,TS12_2.00,M08056_2.00,MS31_2.00,ENSG00000158773,USF1,Homo_sapiens,D,bHLH,HLH,1,0.837833807768996,MA0093.2,ChIP-seq,JASPAR,JASPAR,Mathelier,2014,24194598,August 2014,SimilarityRegression,False,Ensembl,http://www.ensembl.org/,2018,Dec,8
354,T034299_2.00,F082_2.00,TS12_2.00,M08733_2.00,MS27_2.00,ENSG00000158773,USF1,Homo_sapiens,D,bHLH,HLH,1,0.837833807768996,USF1_HUMAN.H11MO.0.A,Misc,HocoMoco,Misc,Kulakovskiy,2013,23175603,July 2014,SimilarityRegression,False,Ensembl,http://www.ensembl.org/,2018,Dec,8
355,T034299_2.00,F082_2.00,TS12_2.00,M09460_2.00,MS28_2.00,ENSG00000158773,USF1,Homo_sapiens,D,bHLH,HLH,1,0.837833807768996,GM12878-Usf1_GSE32465,Misc,HOMER,Misc,Heinz,2010,20513432,January 2016,SimilarityRegression,False,Ensembl,http://www.ensembl.org/,2018,Dec,8
356,T034299_2.00,F082_2.00,TS12_2.00,M09867_2.00,MS59_2.00,ENSG00000158773,USF1,Homo_sapiens,D,bHLH,HLH,1,0.837833807768996,V$USF_01,Transfac,Transfac,Transfac,Matys,2006,16381825,7.0,SimilarityRegression,False,Ensembl,http://www.ensembl.org/,2018,Dec,8
357,T034299_2.00,F082_2.00,TS12_2.00,M09868_2.00,MS59_2.00,ENSG00000158773,USF1,Homo_sapiens,D,bHLH,HLH,1,0.837833807768996,V$USF_02,Transfac,Transfac,Transfac,Matys,2006,16381825,7.0,SimilarityRegression,False,Ensembl,http://www.ensembl.org/,2018,Dec,8
358,T034299_2.00,F082_2.00,TS12_2.00,M09869_2.00,MS59_2.00,ENSG00000158773,USF1,Homo_sapiens,D,bHLH,HLH,1,0.837833807768996,V$USF_C,Transfac,Transfac,Transfac,Matys,2006,16381825,7.0,SimilarityRegression,False,Ensembl,http://www.ensembl.org/,2018,Dec,8
359,T034300_2.00,F082_2.00,TS12_2.00,.,.,ENSG00000159263,SIM2,Homo_sapiens,N,bHLH,HLH,1,0.837833807768996,.,.,.,.,.,.,.,.,SimilarityRegression,False,Ensembl,http://www.ensembl.org/,2018,Dec,8
360,T034301_2.00,F082_2.00,TS12_2.00,M08734_2.00,MS27_2.00,ENSG00000162367,TAL1,Homo_sapiens,D,bHLH,HLH,1,0.837833807768996,TAL1_HUMAN.H11MO.0.A,Misc,HocoMoco,Misc,Kulakovskiy,2013,23175603,July 2014,SimilarityRegression,False,Ensembl,http://www.ensembl.org/,2018,Dec,8
361,T034301_2.00,F082_2.00,TS12_2.00,M09870_2.00,MS59_2.00,ENSG00000162367,TAL1,Homo_sapiens,D,bHLH,HLH,1,0.837833807768996,V$TAL1_01,Transfac,Transfac,Transfac,Matys,2006,16381825,7.0,SimilarityRegression,False,Ensembl,http://www.ensembl.org/,2018,Dec,8
362,T034301_2.00,F082_2.00,TS12_2.00,M09871_2.00,MS59_2.00,ENSG00000162367,TAL1,Homo_sapiens,D,bHLH,HLH,1,0.837833807768996,V$TAL1_Q6_01,Transfac,Transfac,Transfac,Matys,2006,16381825,7.0,SimilarityRegression,False,Ensembl,http://www.ensembl.org/,2018,Dec,8
363,T034301_2.00,F082_2.00,TS12_2.00,M09872_2.00,MS59_2.00,ENSG00000162367,TAL1,Homo_sapiens,D,bHLH,HLH,1,0.837833807768996,V$TAL1_Q6,Transfac,Transfac,Transfac,Matys,2006,16381825,7.0,SimilarityRegression,False,Ensembl,http://www.ensembl.org/,2018,Dec,8
364,T034302_2.00,F082_2.00,TS12_2.00,M04148_2.00,MS62_2.00,ENSG00000162992,NEUROD1,Homo_sapiens,D,bHLH,HLH,1,0.837833807768996,NEUROD1_FL_HT-SELEX,SELEX,Yin2017,SELEX,Yin,2017,28473536,April 2017,SimilarityRegression,False,Ensembl,http://www.ensembl.org/,2018,Dec,8
365,T034302_2.00,F082_2.00,TS12_2.00,M04149_2.00,MS62_2.00,ENSG00000162992,NEUROD1,Homo_sapiens,D,bHLH,HLH,1,0.837833807768996,NEUROD1_FL_Methyl-HT-SELEX,SELEX,Yin2017,SELEX,Yin,2017,28473536,April 2017,SimilarityRegression,False,Ensembl,http://www.ensembl.org/,2018,Dec,8
366,T034302_2.00,F082_2.00,TS12_2.00,M08057_2.00,MS31_2.00,ENSG00000162992,NEUROD1,Homo_sapiens,D,bHLH,HLH,1,0.837833807768996,MA1109.1,ChIP-seq,JASPAR,JASPAR,Mathelier,2014,24194598,August 2014,SimilarityRegression,False,Ensembl,http://www.ensembl.org/,2018,Dec,8
367,T034302_2.00,F082_2.00,TS12_2.00,M08735_2.00,MS27_2.00,ENSG00000162992,NEUROD1,Homo_sapiens,D,bHLH,HLH,1,0.837833807768996,NDF1_HUMAN.H11MO.0.A,Misc,HocoMoco,Misc,Kulakovskiy,2013,23175603,July 2014,SimilarityRegression,False,Ensembl,http://www.ensembl.org/,2018,Dec,8
368,T034302_2.00,F082_2.00,TS12_2.00,M09873_2.00,MS59_2.00,ENSG00000162992,NEUROD1,Homo_sapiens,D,bHLH,HLH,1,0.837833807768996,V$NEUROD_01,Transfac,Transfac,Transfac,Matys,2006,16381825,7.0,SimilarityRegression,False,Ensembl,http://www.ensembl.org/,2018,Dec,8
369,T034302_2.00,F082_2.00,TS12_2.00,M09874_2.00,MS59_2.00,ENSG00000162992,NEUROD1,Homo_sapiens,D,bHLH,HLH,1,0.837833807768996,V$NEUROD_02,Transfac,Transfac,Transfac,Matys,2006,16381825,7.0,SimilarityRegression,False,Ensembl,http://www.ensembl.org/,2018,Dec,8
370,T034303_2.00,F082_2.00,TS12_2.00,.,.,ENSG00000163792,TCF23,Homo_sapiens,N,bHLH,HLH,1,0.837833807768996,.,.,.,.,.,.,.,.,SimilarityRegression,False,Ensembl,http://www.ensembl.org/,2018,Dec,8
371,T034304_2.00,F082_2.00,TS12_2.00,M01722_2.00,MS64_2.00,ENSG00000163909,HEYL,Homo_sapiens,I,bHLH,HLH,1,0.837833807768996,pTH5102,PBM,Zoo_01,PBM,Weirauch,2014,25215497,,SimilarityRegression,False,Ensembl,http://www.ensembl.org/,2018,Dec,8
372,T034305_2.00,F082_2.00,TS12_2.00,M04150_2.00,MS62_2.00,ENSG00000164107,HAND2,Homo_sapiens,D,bHLH,HLH,1,0.837833807768996,HAND2_eDBD_HT-SELEX,SELEX,Yin2017,SELEX,Yin,2017,28473536,April 2017,SimilarityRegression,False,Ensembl,http://www.ensembl.org/,2018,Dec,8
373,T034305_2.00,F082_2.00,TS12_2.00,M04151_2.00,MS62_2.00,ENSG00000164107,HAND2,Homo_sapiens,D,bHLH,HLH,1,0.837833807768996,HAND2_eDBD_Methyl-HT-SELEX,SELEX,Yin2017,SELEX,Yin,2017,28473536,April 2017,SimilarityRegression,False,Ensembl,http://www.ensembl.org/,2018,Dec,8
374,T034306_2.00,F082_2.00,TS12_2.00,M02795_2.00,MS33_2.00,ENSG00000164600,NEUROD6,Homo_sapiens,I,bHLH,HLH,1,0.837833807768996,NEUROD2_1,SELEX,Jolma2013,SELEX,Jolma,2013,23332764,January 2013,SimilarityRegression,False,Ensembl,http://www.ensembl.org/,2018,Dec,8
375,T034307_2.00,F082_2.00,TS12_2.00,M02793_2.00,MS33_2.00,ENSG00000164683,HEY1,Homo_sapiens,D,bHLH,HLH,1,0.837833807768996,HEY1_1,SELEX,Jolma2013,SELEX,Jolma,2013,23332764,January 2013,SimilarityRegression,False,Ensembl,http://www.ensembl.org/,2018,Dec,8
376,T034307_2.00,F082_2.00,TS12_2.00,M04152_2.00,MS62_2.00,ENSG00000164683,HEY1,Homo_sapiens,D,bHLH,HLH,1,0.837833807768996,HEY1_eDBD_HT-SELEX,SELEX,Yin2017,SELEX,Yin,2017,28473536,April 2017,SimilarityRegression,False,Ensembl,http://www.ensembl.org/,2018,Dec,8
377,T034307_2.00,F082_2.00,TS12_2.00,M04153_2.00,MS62_2.00,ENSG00000164683,HEY1,Homo_sapiens,D,bHLH,HLH,1,0.837833807768996,HEY1_eDBD_Methyl-HT-SELEX,SELEX,Yin2017,SELEX,Yin,2017,28473536,April 2017,SimilarityRegression,False,Ensembl,http://www.ensembl.org/,2018,Dec,8
378,T034307_2.00,F082_2.00,TS12_2.00,M04154_2.00,MS62_2.00,ENSG00000164683,HEY1,Homo_sapiens,D,bHLH,HLH,1,0.837833807768996,HEY1_FL_HT-SELEX,SELEX,Yin2017,SELEX,Yin,2017,28473536,April 2017,SimilarityRegression,False,Ensembl,http://www.ensembl.org/,2018,Dec,8
379,T034307_2.00,F082_2.00,TS12_2.00,M04155_2.00,MS62_2.00,ENSG00000164683,HEY1,Homo_sapiens,D,bHLH,HLH,1,0.837833807768996,HEY1_FL_Methyl-HT-SELEX,SELEX,Yin2017,SELEX,Yin,2017,28473536,April 2017,SimilarityRegression,False,Ensembl,http://www.ensembl.org/,2018,Dec,8
380,T034308_2.00,F082_2.00,TS12_2.00,.,.,ENSG00000165643,SOHLH1,Homo_sapiens,N,bHLH,HLH,1,0.837833807768996,.,.,.,.,.,.,.,.,SimilarityRegression,False,Ensembl,http://www.ensembl.org/,2018,Dec,8
381,T034309_2.00,F082_2.00,TS12_2.00,M02794_2.00,MS33_2.00,ENSG00000166823,MESP1,Homo_sapiens,D,bHLH,HLH,1,0.837833807768996,MESP1_1,SELEX,Jolma2013,SELEX,Jolma,2013,23332764,January 2013,SimilarityRegression,False,Ensembl,http://www.ensembl.org/,2018,Dec,8
382,T034310_2.00,F082_2.00,TS12_2.00,M04156_2.00,MS62_2.00,ENSG00000168267,PTF1A,Homo_sapiens,D,bHLH,HLH,1,0.837833807768996,PTF1A_eDBD_HT-SELEX,SELEX,Yin2017,SELEX,Yin,2017,28473536,April 2017,SimilarityRegression,False,Ensembl,http://www.ensembl.org/,2018,Dec,8
383,T034310_2.00,F082_2.00,TS12_2.00,M04157_2.00,MS62_2.00,ENSG00000168267,PTF1A,Homo_sapiens,D,bHLH,HLH,1,0.837833807768996,PTF1A_eDBD_Methyl-HT-SELEX,SELEX,Yin2017,SELEX,Yin,2017,28473536,April 2017,SimilarityRegression,False,Ensembl,http://www.ensembl.org/,2018,Dec,8
384,T034310_2.00,F082_2.00,TS12_2.00,M08736_2.00,MS27_2.00,ENSG00000168267,PTF1A,Homo_sapiens,D,bHLH,HLH,1,0.837833807768996,PTF1A_HUMAN.H11MO.0.B,Misc,HocoMoco,Misc,Kulakovskiy,2013,23175603,July 2014,SimilarityRegression,False,Ensembl,http://www.ensembl.org/,2018,Dec,8
385,T034311_2.00,F082_2.00,TS12_2.00,.,.,ENSG00000168874,ATOH8,Homo_sapiens,N,bHLH,HLH,1,0.837833807768996,.,.,.,.,.,.,.,.,SimilarityRegression,False,Ensembl,http://www.ensembl.org/,2018,Dec,8
386,T034312_2.00,F082_2.00,TS12_2.00,M04158_2.00,MS62_2.00,ENSG00000170485,NPAS2,Homo_sapiens,D,bHLH,HLH,1,0.837833807768996,NPAS2_eDBD_HT-SELEX,SELEX,Yin2017,SELEX,Yin,2017,28473536,April 2017,SimilarityRegression,False,Ensembl,http://www.ensembl.org/,2018,Dec,8
387,T034312_2.00,F082_2.00,TS12_2.00,M04159_2.00,MS62_2.00,ENSG00000170485,NPAS2,Homo_sapiens,D,bHLH,HLH,1,0.837833807768996,NPAS2_eDBD_Methyl-HT-SELEX,SELEX,Yin2017,SELEX,Yin,2017,28473536,April 2017,SimilarityRegression,False,Ensembl,http://www.ensembl.org/,2018,Dec,8
388,T034313_2.00,F082_2.00,TS12_2.00,M02795_2.00,MS33_2.00,ENSG00000171532,NEUROD2,Homo_sapiens,D,bHLH,HLH,1,0.837833807768996,NEUROD2_1,SELEX,Jolma2013,SELEX,Jolma,2013,23332764,January 2013,SimilarityRegression,False,Ensembl,http://www.ensembl.org/,2018,Dec,8
